3459 5375
773 594 814 655 8
1487 590 1821 657 mcHEm
1862 594 2014 662 ΗΒ.
2060 595 2183 656 111.

773 742 846 799 et
895 724 1206 800 exercitu
1252 724 1682 800 Laudunum
1731 730 2013 828 repetit.
2077 732 2241 801 Dux
2291 752 2464 802 vero
2512 730 2754 802 Parisii
2802 756 2917 804 re-

770 858 1019 945 ceptus
1029 896 1054 935 ,
1111 845 1188 915 in
1254 843 1726 941 egritudinem
1780 845 2045 917 decidit
2066 899 2087 938 ‚
2150 868 2296 944 qua
2334 844 2638 917 nimium
2712 845 2920 919 affec·

771 976 920 1050 tus,
985 961 1146 1033 vitae
1191 958 1412 1033 finem
1460 962 1760 1061 accepit.
1830 960 2304 1062 Sepultusque
2352 978 2459 1035 est
2507 964 2583 1035 in
2634 960 2923 1035 basilica

773 1079 1000 1153 sancti
1042 1076 1346 1151 Dionisii
1385 1055 1716 1151 martiris.

1788 1232 1892 1287 VI.

871 1342 1150 1415 Interea
1193 1342 1462 1415 Ottone
1497 1364 1663 1439 rege
1709 1337 2025 1413 Bulizlao
2062 1340 2547 1413 Sarmatarum
2592 1338 2741 1437 regi
2778 1336 2927 1412 hel·

776 1453 930 1527 lum
961 1456 1310 1531 inferente
1327 1509 1350 1551 ,
1398 1458 1807 1555 Ragenerus
1840 1452 2137 1553 quidam
2178 1479 2399 1554 quem
2445 1457 2618 1529 Otto
2658 1478 2785 1527 rex
2826 1454 2929 1528 ob

775 1571 1180 1667 custodiam
1240 1572 1318 1643 in
1379 1572 1656 1670 Belgica
1713 1570 2079 1647 dimiserat
2100 1624 2125 1664 ,
2199 1570 2426 1645 multa
2478 1595 2639 1671 quae
2691 1570 2959 1645 illicita-

777 1702 979 1761 erant
1020 1687 1517 1789 praesumebat.
1589 1693 1783 1761 Inter
1824 1714 1984 1788 quae
2034 1687 2222 1763 aedes
2268 1688 2497 1787 regias
2550 1701 2625 1759 et
2666 1684 2931 1787 praedia

777 1804 1038 1903 regalia
1071 1805 1450 1905 Gerbergae
1482 1806 1747 1905 reginae
1780 1832 1939 1906 quae
1977 1807 2057 1878 in
2096 1806 2375 1905 Belgica
2408 1818 2611 1879 erant
2630 1858 2653 1900 ‚
2711 1804 2931 1878 tiran-

779 1922 941 1995 nica
982 1924 1376 1996 temeritate
1407 1924 1426 1961 ¹
1481 1922 1833 2024 pervadit.
1890 1924 2155 2023 Regina
2187 1947 2362 1996 vero
2403 1921 2598 2022 apud
2636 1947 2804 1995 suos
2839 1921 2933 1995 de

781 2040 1188 2138 repetendis
1213 2038 1495 2139 praediis
1519 2056 1594 2113 et
1623 2040 1895 2115 aedibus
1929 2041 2139 2139 regiis
2170 2040 2505 2141 pri-vatim
2530 2038 2935 2113 consultare

782 2178 933 2228 non
981 2155 1275 2230 distulit.

1768 2268 1899 2321 vn.

882 2380 1077 2449 Inter
1118 2400 1304 2474 quos
1355 2400 1524 2448 cum
1570 2390 1775 2475 pater
1819 2400 2027 2451 meus
2068 2376 2283 2475 hujus
2328 2377 2435 2450 rei
2488 2374 2938 2476 dispositioni

786 2495 1150 2570 videretur
1187 2496 1495 2571 idoneus
1514 2551 1535 2589 ,
1587 2496 1682 2571 ab
1716 2524 1809 2573 eo
1842 2499 1919 2572 id
1963 2524 2421 2600 summopere
2454 2498 2940 2571 ordinandum

787 2614 1186 2715 petebatur.
1235 2615 1455 2704 Quod
1489 2616 1706 2689 etiam
1740 2618 1895 2717 ipse
1929 2616 2465 2718 disponendum
2499 2616 2887 2716 suscipiens
2916 2642 2935 2685 τ

793 2762 830 2800 «
857 2733 1117 2823 Sinite,
1170 2733 1428 2831 inquit,
1474 2757 1607 2831 per
1646 2733 1801 2806 dies
1837 2733 2113 2833 aliquot
2158 2759 2277 2807 me
2308 2733 2504 2807 istud
2538 2732 2933 2833 explorare.

795 2879 832 2918 «
861 2853 954 2922 Et
999 2851 1060 2922 si
1105 2848 1400 2948 quidem
1451 2851 1715 2923 nostris
1758 2851 2029 2925 viribus
2080 2851 2156 2924 id
2201 2875 2335 2951 par
2386 2851 2597 2925 fuerit
2617 2905 2639 2943 ,
2688 2849 2943 2949 procul

798 2997 836 3038 «
865 2967 1089 3040 dubio
1147 2992 1278 3066 per
1324 2965 1468 3040 hoc
1525 2969 1871 3066 temporis
1924 2965 2381 3042 intervallum
2432 2965 2946 3066 contemplabi-

799 3114 837 3153 «
865 3109 1053 3157 mur.
1109 3083 1220 3157 Ad
1252 3083 1390 3156 alia
1428 3085 1715 3157 interim
1752 3109 1885 3158 vos
1932 3085 2126 3185 ipsos
2168 3084 2510 3156 conferte.
2568 3080 2753 3154 Illud
2792 3095 2948 3153 tan-

801 3231 837 3269 «
868 3214 1024 3273 tum
1059 3225 1103 3272 a
1135 3200 1344 3273 vobis
1375 3199 1402 3238 ²
1444 3199 1893 3300 expediatur,
1945 3215 2027 3274 ut
2072 3201 2134 3273 si
2166 3225 2209 3273 a
2252 3203 2411 3272 Deo
2445 3197 2657 3271 nobis
2691 3199 2796 3271 rei
2832 3223 2949 3296 ge-

803 3347 840 3386 «
871 3314 1112 3388 rendae
1147 3318 1596 3415 oportunitas
1640 3318 2072 3408 conferatur,
2120 3315 2317 3416 apud
2349 3338 2481 3388 vos
2514 3312 2711 3386 nulla
2743 3337 2947 3387 mora

805 3461 842 3499 «
871 3429 1338 3530 attemptandi
1411 3456 1594 3531 opus
1653 3431 2025 3504 habeatur.
2069 3458 2107 3498 »
2178 3431 2293 3502 Sic
2352 3453 2645 3528 quoque
2701 3452 2745 3499 a
2794 3452 2949 3500 sese

803 3545 1016 3620 soluti
1056 3559 1246 3618 sunt.

1768 3655 1929 3708 vm.

902 3767 1111 3836 Pater
1161 3787 1365 3835 meus
1414 3763 1654 3860 itaque
1701 3761 1799 3836 ad
1848 3762 2203 3864 oppidum
2248 3759 2567 3860 praedicti
2608 3758 2951 3856 Rageneri

811 3877 1011 3980 quod
1043 3875 1301 3950 dicitur
1333 3878 2030 3953 Mons-castrati-loci
2049 3879 2074 3916 ⁸
2098 3931 2121 3972 ‚
2178 3876 2305 3950 ubi
2338 3878 2553 3951 etiam
2584 3899 2767 3948 uxor
2800 3875 2953 3972 ejus

811 4026 980 4074 cum
1027 3998 1315 4072 duobus
1365 3997 1528 4072 filiis
1581 4001 1817 4099 parvis
1872 4001 2321 4094 morabatur,
2382 3998 2739 4100 quosdam
2788 4019 2955 4074 suo-

888 4229 904 4259 ¹
943 4225 1278 4350 crudelitateo
1277 4243 1403 4278 com
1378 4237 1480 4348 ate
1481 4222 1736 4276 mem-itate.

945 4317 1050 4422 :inpii
1015 4297 1175 4350 udvo
1433 4295 1604 4348 vobis.

1035 4369 1143 4436 ns,l
1171 4387 1390 4420 aurore
1391 4369 1568 4420 actoris
1545 4369 1676 4440 sqm'
1729 4363 1906 4419 astrati
1926 4366 2084 4436 primo
2108 4365 2351 4415 omiserat.
