3459 5375
964 541 1081 602 198
1665 497 1999 602 memmi
2040 538 2193 602 ms.
2240 540 2349 602 iv.

955 672 1144 772 pisse
1179 669 1374 746 letati
1399 725 1422 764 ‚
1469 669 1622 744 haec
1663 669 1965 752 domino
2005 671 2341 746 referunt.
2392 673 2537 760 Qui
2572 672 2845 748 fallatiae
2884 680 3091 750 semi..

954 788 1238 861 narium
1289 785 1552 861 utiliter
1595 787 1912 887 positum
1954 786 2414 861 considerans
2433 840 2452 878 ,
2490 787 2769 862 alcioris
2826 792 3089 864 machi-

956 905 1276 978 namenti
1328 904 1536 978 dolos
1593 905 1885 1006 prodire
1928 929 2138 1006 posse
2198 903 2523 978 advertit.
2590 910 2761 980 Post
2801 906 2956 978 haec
3020 909 3090 980 in

955 1021 1200 1095 locum
1257 1036 1598 1096 statutum
1632 1021 1768 1095 sibi
1810 1036 2232 1113 occurrunt3
2288 1019 2727 1121 amplexibus
2772 1021 3094 1122 pluribus

959 1152 1172 1236 atque
1219 1138 1478 1211 osculis
1518 1138 1654 1211 sibi
1697 1137 2301 1237 congratulantes3
2354 1152 2591 1211 tantos
2641 1138 2738 1212 ibi
2798 1139 3095 1212 demon-

957 1267 1258 1327 strantes
1315 1253 1604 1342 affectus
1663 1255 1918 1346 animi,
1989 1268 2068 1329 ut
2134 1254 2329 1339 nulla
2390 1255 2741 1335 simulatio
2770 1311 2791 1348 ,
2858 1255 3094 1329 nullus

959 1369 1171 1458 dolus
1205 1370 1586 1444 videretur.

1347 1569 1525 1624 nu.
1543 1569 2023 1624 ÷Adalberonist
2044 1568 2230 1625 dolona
2262 1569 2601 1624 machinatio.
2618 1569 2673 1621 ὓ.

1060 1717 1146 1785 At
1177 1729 1558 1814 postquam
1601 1715 1768 1788 satis
1799 1716 2403 1815 amplexationum
2417 1769 2438 1808 ,
2486 1716 2898 1795 osculorum
2930 1716 3099 1786 satis

964 1829 1228 1903 factum
1277 1845 1384 1904 est
1397 1886 1418 1924 ‚
1459 1831 1813 1906 Adalbero
1859 1856 2082 1931 penes
2136 1857 2353 1930 quem
2394 1831 2861 1905 simulationis
2898 1832 3101 1904 color

960 1960 1035 2020 et
1089 1945 1240 2020 doli
1298 1973 1482 2020 onus
1535 1962 1689 2020 erat
1708 2001 1729 2039 ‚
1796 1949 2163 2020 incautum
2232 1948 2335 2020 sie
2390 1949 2589 2046 prior
2656 1946 3095 2044 alloquitur:

966 2093 1006 2142 α
1047 2063 1248 2138 Idem
1297 2089 1536 2157 casus,
1599 2065 1995 2164 eademque
2050 2065 2335 2148 fortuna
2410 2064 2664 2142 ambos
2713 2088 2850 2136 nos
2911 2063 3103 2136 male

966 2210 1005 2262 «
1045 2183 1487 2282 perstringit;
1533 2182 1729 2255 unde
1765 2197 1837 2254 et
1860 2182 2053 2259 idem
2090 2181 2467 2260 consilium
2498 2178 2895 2277 eademque
2918 2179 3104 2250 ratio

967 2321 1007 2364 α
1047 2283 1258 2388 nobis
1303 2297 1656 2396 captanda
1701 2296 2008 2371 videtur.
2070 2302 2310 2396 Nuper
2361 2299 2555 2371 enim
2610 2296 2826 2372 ambo
2886 2295 3101 2394 lapsi,

967 2441 1008 2482 α
1047 2437 1180 2498 vos
1215 2412 1308 2485 ab
1365 2414 1587 2511 gratia
1641 2414 1825 2512 regis
1840 2467 1861 2505 ‚
1910 2437 2043 2512 ego
2101 2438 2144 2486 a
2180 2413 2423 2487 Karoli
2474 2414 2783 2486 amicitia
2834 2412 3101 2490 decidi.

969 2557 1010 2607 <c
1049 2529 1256 2602 Unde
1271 2543 1346 2602 et
1363 2554 1560 2612 nunc
1573 2554 1706 2602 vos
1714 2528 2003 2618 Karolo,
2022 2553 2157 2628 ego
2169 2531 2317 2627 regi
2334 2530 2558 2612 faveo.
2578 2529 2703 2604 ule
2717 2529 2952 2619 vobis,
2974 2529 3107 2602 iste

969 2673 1008 2719 α
1048 2639 1225 2718 mihi
1261 2647 1792 2747 promptissime
1825 2645 2074 2720 credit.
2114 2648 2189 2719 Si
2232 2649 2470 2746 itaque
2512 2671 2643 2747 per
2683 2671 2814 2719 vos
2860 2646 3107 2720 Karoli

969 2791 1006 2831 c<
1049 2786 1253 2835 amor
1285 2763 1463 2836 mihi
1489 2764 1921 2855 restituatur,
1954 2766 2135 2863 regis
2176 2765 2395 2863 gratia
2427 2762 2635 2835 vobis
2658 2788 2807 2835 non
2844 2762 3099 2836 aberit.

971 2906 1011 2947 α
1049 2878 1266 2967 Quod
1331 2894 1404 2965 et
1462 2879 1649 2962 facto
1709 2878 1997 2953 difficile
2042 2905 2194 2954 non
2252 2882 2407 2954 erit.
2486 2881 2829 2953 Karolum
2892 2882 3109 2979 igitur

969 3027 1011 3071 α
1045 3002 1427 3075 convenite
1447 3056 1468 3095 ,
1515 3016 1590 3075 et
1629 3026 1765 3101 pro
1796 3027 1916 3075 me
1951 3002 2011 3074 si
2040 3002 2221 3075 forte
2268 3002 2697 3075 concesserit
2736 3016 2961 3075 orate.
2995 3006 3105 3076 De

967 3150 1007 3193 α
1043 3122 1189 3213 fide
1219 3146 1386 3222 erga
1407 3148 1574 3197 eum
1591 3122 1951 3215 habenda,
1978 3124 2202 3213 multa
2218 3123 2456 3198 dicere
2486 3148 2639 3196 non
2664 3122 2913 3196 inutile
2938 3124 3097 3199 erit.

965 3272 1002 3314 «
1043 3248 1154 3317 De
1190 3244 1450 3343 quibus
1472 3246 1530 3316 si
1562 3243 1739 3343 quid
1771 3246 1842 3318 ei
1862 3244 2163 3319 dubium
2187 3246 2418 3320 visum
2442 3244 2674 3338 fixerit,
2703 3260 2867 3345 post
2891 3244 3106 3318 dicite

963 3394 1003 3443 «τ
1039 3364 1500 3465 probandum
1549 3368 2031 3442 sacramentis.
2077 3370 2150 3441 Si
2198 3368 2312 3440 his
2362 3368 2809 3467 episcopatus
2866 3368 3103 3440 reddi·

963 3509 1004 3563 α
1040 3481 1228 3555 derit
1253 3481 1536 3575 sedem,
1557 3480 1796 3569 adsint
1818 3498 2227 3572 sanctorum
2253 3483 2565 3581 reliquiae
2580 3538 2601 3575 ,
2634 3498 2919 3583 paratus
2940 3508 3105 3555 sum

961 3627 1002 3678 ις
1044 3596 1264 3671 fidem
1301 3598 1560 3687 facere..
1584 3602 1657 3672 Si
1694 3600 1838 3674 hoc
1860 3602 2034 3684 satis.
2062 3602 2195 3679 erit
2229 3615 2302 3673 et
2336 3598 2758 3691 reddiderit,
2799 3600 2893 3675 de
2918 3601 3103 3698 regis

965 3744 1005 3787 tc
1043 3718 1265 3815 gratia
1302 3716 1693 3815 plurimum
1731 3717 2096 3793 confidite.
2140 3722 2222 3793 In
2259 3718 2397 3792 hac
2430 3718 2668 3817 lingua
2716 3733 2789 3801 et
2835 3743 3055 3791 manu
3072 3773 3094 3807 ‚

961 3860 1001 3905 c<
1039 3858 1178 3931 pax
1203 3833 1335 3915 sita
1360 3849 1467 3913 est
1489 3850 1562 3912 et
1591 3835 2025 3913 dissidentia.
2062 3839 2323 3935 Regem
2346 3834 2587 3913 adibo.
2617 3834 3101 3909 Commodum

961 3976 1001 4017 ιι
1038 3947 1405 4046 quoddam
1450 3950 1825 4050 spondebo
1852 4005 1873 4044 ,
1934 3952 2134 4051 quod
2180 3978 2333 4025 non
2380 3952 2614 4032 solum
2662 3951 2797 4025 sibi
2852 3949 2980 4025 sed
3024 3966 3101 4025 et

961 4094 997 4135 ι(
1041 4067 1344 4163 posteris.
1401 4068 1489 4155 sit
1546 4069 2025 4167 profuturum.
2102 4068 2327 4143 Dolos
2395 4068 2637 4144 Karoli
2703 4068 3091 4168 proferam.

1026 4267 1060 4303 *
1099 4266 1446 4338 Adalberonis
1465 4312 1482 4337 ,
1507 4270 1717 4337 machin
1740 4270 1947 4327 abscisa.
