3459 5375
837 549 915 609 78
1562 542 1898 627 monem
1940 540 2093 605 Lm.
2140 541 2260 603 111⁴
2305 580 2312 585 -

840 708 889 746 α.
913 678 1165 774 juncto
1202 675 1492 749 animali
1530 674 1882 755 rationali.
1935 703 1970 743 υ
2019 678 2346 771 Cumque
2399 670 2634 743 verbis
2693 688 2771 744 et
2823 696 2984 745 sen-

762 882 771 898 ,
837 794 1073 868 tentiis
1088 794 1394 879 nimium
1420 793 1673 865 flueret
1690 847 1709 883 ,
1753 807 1823 864 et
1857 790 2095 863 adhuc
2128 791 2264 862 alia
2293 790 2309 825 ¹
2349 787 2588 861 dicere
2613 805 2896 888 pararet
2919 791 2948 827 ²
2961 844 2981 881 ‚

834 902 1112 1015 augusti
1140 931 1321 990 nutu
1343 915 1806 1016 disputationi
1837 913 1997 986 finis
2033 914 2331 1011 injectus
2367 924 2474 984 est
2493 964 2513 1001 ‚
2560 937 2650 984 eo
2678 910 2879 1009 quod
2917 928 2990 985 et

835 1034 1031 1107 diem
1069 1056 1257 1134 pene
1297 1036 1372 1105 in
1413 1034 1527 1105 his
1574 1047 1809 1104 totum
1867 1044 2444 1121 consumserant,
2496 1044 2570 1101 et
2623 1028 2992 1102 audientes

835 1152 1117 1251 prolixa
1167 1167 1381 1249 atque
1426 1150 1773 1222 continua
1823 1141 2210 1249 disputatio
2260 1147 2412 1245 jam
2471 1145 2827 1249 fatigabat.
2885 1144 2990 1217 Ab

836 1285 1139 1367 augusto
1192 1271 1430 1367 itaque
1481 1266 1872 1371 Gerbertus
1921 1268 2198 1365 egregie
2235 1266 2586 1356 donatuS,
2639 1284 2806 1336 cum
2855 1287 2989 1335 suo

836 1386 1449 1487 metropolitano'
1429 1412 1507 1459 m
1542 1386 1806 1458 Gallias
1841 1384 2073 1457 clarus
2105 1383 2471 1475 remeavit,

1181 1576 1381 1629 LXVI.
1406 1604 1479 1617 —-
1499 1574 1730 1629 Sinodus
1759 1574 1904 1647 apud
1933 1588 2170 1629 sanctam
2189 1575 2432 1646 Magram
2451 1574 2652 1627 habita.

933 1718 1213 1819 Eodem
1235 1734 1573 1817 tempore
1610 1723 1866 1790 Emma
1899 1718 1924 1755 ³
1959 1720 2201 1816 regina
2227 1734 2298 1791 et
2324 1718 2676 1792 Adalbero
2712 1717 2991 1791 laudu-

836 1842 1074 1913 nensis
1123 1841 1501 1940 episcopus
1546 1839 1846 1911 infames
1916 1842 2143 1939 stupri
2223 1838 2788 1923 criminabantur
2821 1866 2840 1929 ;
2914 1839 2991 1910 id

835 1966 1079 2029 tamen
1164 1951 1465 2023 latenter
1522 1948 2028 2023 intendebatur
2049 2006 2070 2035 ‚
2135 1950 2402 2023 nullius
2453 1949 2828 2023 manifesto
2886 1948 2996 2021 in·
3093 1974 3097 1977 “

838 2070 1177 2143 tentionis
1230 2082 1430 2141 teste.
1497 2068 1639 2139 Sed
1687 2068 1859 2165 quia
1907 2092 2284 2168 suppresse
2339 2067 2612 2168 dictum
2682 2068 2776 2141 ad
2837 2092 2992 2140 om-

836 2186 1040 2260 nium
1098 2210 1303 2258 aures
1348 2184 1734 2258 devenerat
1749 2240 1768 2275 ‚
1837 2186 2190 2285 episeopis
2251 2186 2486 2259 visum
2539 2200 2649 2259 est
2713 2184 2792 2257 id
2837 2210 2991 2258 esse

835 2307 1366 2380 discutiendum
1383 2362 1403 2397 ‚
1472 2330 1565 2378 ne
1616 2305 1831 2378 frater
1867 2322 1950 2379 et
2002 2309 2472 2407 coepiscopus
2521 2332 2775 2379 eorum
2817 2307 2992 2380 infa-

837 2425 997 2495 miae
1064 2438 1276 2495 tantae
1350 2421 1800 2495 subderetur.
1896 2428 1950 2495 A
2017 2425 2424 2522 supradicto
2496 2450 2666 2521 ergo
2729 2438 2992 2497 metro-

834 2541 1158 2640 politano
1250 2539 1555 2612 collecta
1642 2555 1752 2612 est
1829 2540 2338 2639 episcoporum
2409 2541 2706 2613 sinodus
2796 2540 2991 2639 apud

835 2670 1155 2730 sanctam
1230 2660 1547 2754 Magram
1571 2710 1590 2748 ,
1669 2655 1913 2728 locum
1989 2659 2379 2729 Remorum
2451 2656 2983 2741 diocesaneum.

836 2773 1450 2874 considentesque
1498 2790 1568 2847 et
1615 2800 1919 2873 quaeque
1964 2775 2162 2848 utilia
2203 2791 2750 2890 pertractanteS,
2797 2790 2992 2874 post-

836 2917 1055 2992 quam
1092 2891 1785 2993 metropolitanus⁴.
1925 2948 2590 2963 ......
2705 2919 2720 2933 ·

868 3200 1098 3260 van.
1125 3235 1200 3248 —
1220 3206 1431 3262 Ottonis
1459 3208 1729 3279 promotio
1747 3209 1810 3260 in
1833 3207 2062 3279 regem*
2081 3173 2225 3280 pei-³¹*
2262 3207 2606 3298 Germanos*
2627 3220 2680 3261 et
2701 3209 2953 3280 Belgas*.

932 3355 1103 3424 Post
1152 3341 1433 3425 obitum
1485 3352 1742 3424 domni
1802 3352 2115 3446 OttoniS‚
2180 3357 2709 3427 Germanorum
2759 3351 2941 3452 regis
2961 3411 2980 3446 ,

832 3471 986 3567 ejus
1024 3467 1212 3541 filius
1252 3468 1496 3562 Otto,
1513 3496 1556 3542 a
1599 3473 1978 3544 Germanis
2010 3472 2380 3571 Belgisque
2431 3499 2558 3546 rex
2602 3473 2932 3545 oreatus¹⁵
2958 3527 2983 3563 ,

838 3612 991 3661 rem
1027 3589 1393 3689 publicam
1450 3606 1739 3663 strenue
1799 3606 2014 3689 atque
2076 3591 2340 3664 utiliter
2401 3592 2977 3683 amministravit3

832 3708 942 3778 vir
978 3701 1218 3806 magni
1252 3709 1553 3806 ingenii,
1600 3710 1962 3808 totiusque
1998 3711 2277 3782 virtutis
2292 3766 2312 3801 ,
2365 3709 2766 3848 liberalium
2799 3711 2986 3792 litte-

903 3891 935 3925 *
970 3891 1029 3942 in
1052 3909 1259 3962 regem,
1289 3912 1406 3964 per,
1435 3913 1529 3960 os,
1557 3913 1640 3956 as,
1670 3894 1806 3948 absc.
1879 3889 1882 3892 ⁴

906 3977 923 4006 ¹
964 3993 1107 4029 nova
1130 3993 1258 4027 corr.
1286 3976 1408 4029 alia.

903 4060 927 4092 ⁸
962 4077 1147 4114 omnes
1171 4057 1534 4132 exspectarent
1556 4081 1615 4113 σο
1618 4081 1685 4114 rr.
1712 4060 1890 4116 dicere
1909 4077 2136 4134 pararet.

904 4143 1029 4196 ⁸E.
1070 4145 1138 4196 R.
1168 4155 1222 4196 et
1247 4143 1333 4198 Ad
1356 4141 1423 4196 L.
1454 4143 1629 4198 code-t.

902 4227 926 4257 ⁴
960 4228 1039 4286 hic
1055 4247 1183 4301 pene
1210 4248 1310 4280 una
1334 4242 1381 4280 et
1398 4229 1511 4282 alioe
1530 4230 1703 4302 plures
1720 4233 1942 4300 sortasse
1969 4233 2111 4285 lineoe
2140 4237 2314 4286 excisa·
2335 4249 2468 4287 sunt.

902 4313 927 4341 ⁸
962 4313 1189 4367 elevatus
1218 4333 1343 4366 corr.
1376 4323 1595 4367 creatus.
