3459 5375
937 511 1055 573 134
1662 512 1996 603 RchEm
2041 511 2190 571 LlB.
2241 512 2361 571 111.

931 646 1161 735 censi,
1207 646 1701 725 vehementius
1747 644 1938 719 bello
1992 644 2406 718 incubuere.
2443 648 2532 716 Et
2573 645 2742 742 quia
2793 645 3036 721 hostes
3054 700 3074 736 ‚

928 762 1261 836 machina
1286 777 1361 835 et
1381 765 1595 841 armis
1628 764 1846 837 fortes
1867 818 1884 853 ,
1919 762 2326 835 nullatenus
2349 760 2706 835 cedebant
2719 816 2740 851 ,
2787 786 2912 835 rex
2955 788 3084 835 un-

932 881 1134 952 cinos
1179 880 1445 953 ferreos
1498 879 1822 954 adhiberi
1863 880 2222 981 praecepit.
2283 880 2426 967 Qui
2478 880 2772 955 fiinibus
2822 876 3078 978 alligati

932 1021 1101 1069 cum
1134 997 1451 1069 hostium
1486 997 1833 1070 machinae
1869 996 2107 1093 injecti
2148 1012 2384 1068 essent
2403 1051 2423 1088 ,
2472 995 2824 1095 lignisque
2863 1012 3084 1069 trans-

932 1117 1151 1189 versis
1203 1098 1561 1207 admorsi,
1614 1115 1822 1187 funes
1869 1112 1989 1187 alii
2033 1111 2502 1187 demittebant
2519 1167 2538 1205 ,
2584 1114 2702 1186 alii
2737 1114 3082 1187 demissos

931 1232 1415 1332 excipiebantq,
1456 1232 1717 1331 quibus
1755 1231 2330 1305 adversariorum
2368 1232 2706 1305 machina
2745 1230 3082 1305 inclinata

933 1362 1144 1444 atque
1161 1372 1348 1446 pene
1369 1348 1699 1421 demersa
1724 1363 1853 1419 est.
1886 1347 2095 1420 Unde
2120 1347 2240 1419 alii
2274 1347 2689 1449 delabentes
2711 1374 2842 1447 per
2861 1347 3085 1445 ligno-

930 1488 1093 1536 rum
1146 1468 1649 1539 commissuras
1697 1464 2268 1557 descendebant3
2327 1464 2446 1538 alii
2481 1490 2656 1540 vero
2699 1464 2880 1538 saltu
2927 1490 3084 1537 sese

928 1582 1023 1653 ad
1063 1595 1326 1653 terram
1360 1581 1870 1673 demittebant3
1912 1580 2243 1655 nonnulli
2277 1608 2571 1682 quoque
2608 1582 2800 1681 turpi
2847 1582 3086 1653 formi-

930 1697 1101 1803 dine
1160 1699 1324 1770 tacti
1347 1752 1367 1789 ,
1424 1698 1735 1771 latibulis
1795 1700 2017 1771 vitam
2066 1698 2201 1771 sibi
2264 1698 2776 1772 defendebant.
2835 1703 3083 1771 Hostes

930 1817 1193 1923 mortis·
1214 1816 1616 1915 periculum
1636 1840 1896 1914 urgere
1919 1815 2243 1888 videntes
2259 1871 2278 1907 ,
2313 1815 2732 1888 adversariis
2770 1815 3037 1887 cedunt
3055 1870 3074 1907 ,

930 1934 1293 2031 vitamque
1322 1932 1681 2034 supplices
1700 1948 1979 2033 petunt.
2024 1934 2212 2006 Jussi
2251 1959 2542 2032 quoque
2563 1989 2583 2026 ,
2634 1958 2831 2006 arma
2865 1933 3082 2034 depo·
3141 1972 3145 1974 ·

930 2066 1153 2142 nunt,
1204 2066 1275 2123 et
1320 2050 1658 2123 reddunt.
1710 2052 2102 2151 Statimque
2147 2076 2190 2122 a
2225 2076 2391 2150 rege
2426 2050 2794 2123 decretum
2839 2051 3076 2142 exivit,

928 2168 1173 2242 hostes
1194 2168 1371 2241 'sine
1412 2166 1651 2266 aliqua
1690 2166 1980 2241 ultionis
2011 2170 2270 2264 injuria
2328 2167 3076 2267 comprehendendOS,

933 2309 1019 2357 ac
1056 2286 1291 2358 illesos
1328 2267 1462 2357 sibi
1488 2284 1982 2358 adducendos.
2019 2285 2536 2385 Comprehensi
2578 2286 2815 2385 itaque
2831 2340 2851 2377 ,
2899 2286 3083 2385 iner-

934 2427 1088 2475 mes
1112 2428 1196 2475 ac
1220 2402 1643 2502 indempnes
1671 2419 1926 2502 praeter
1948 2405 2126 2476 ictus
2150 2428 2336 2503 quos
2362 2405 2436 2474 in
2461 2403 2746 2475 militari
2773 2402 3083 2476 tumultu

936 2535 1384 2620 acceperant,
1414 2536 1580 2602 ante
1604 2545 1846 2618 regem
1869 2520 2158 2594 admissi
2180 2534 2369 2592 sunt.
2403 2520 2545 2607 Qui
2572 2520 2755 2617 regis
2779 2518 3082 2619 pedibus

935 2636 1291 2730 advoluti,
1353 2638 1573 2712 vitam
1634 2637 1997 2739 petebant.
2063 2642 2244 2710 Nam
2295 2638 2504 2735 regiae
2549 2637 2930 2734 majestatis
2981 2638 3081 2710 rei

936 2769 1149 2854 atque
1183 2757 1537 2846 convicti,
1579 2721 1697 2828 de
1706 2757 1852 2828 vita
1887 2755 2330 2828 diffidebant.

1901 2954 2104 3006 CVIII

1036 3105 1177 3172 Rex
1208 3101 1506 3196 victoria
1527 3102 1856 3200 potitus,
1907 3099 2198 3224 Belgicae
2234 3102 2592 3201 principes
2621 3116 2907 3200 captOS,
2943 3103 3082 3173 suis

936 3217 1475 3310 custodiendOS,
1508 3218 1635 3290 sed
1661 3234 1731 3290 et
1756 3243 2078 3318 congruo
2105 3233 2430 3318 tempore
2458 3217 2868 3290 reddendos
2893 3242 3084 3290 man-

936 3332 1155 3405 davit.
1208 3333 1578 3432 Reliquam
1614 3359 1913 3406 manum
1952 3331 2187 3406 redire
2226 3335 2567 3433 permisit.
2612 3340 2768 3435 Ipse
2813 3335 3086 3408 Laudu·

800 3453 805 3458 ’
922 3475 1113 3522 num
1160 3475 1329 3522 cum
1374 3450 1707 3524 exercitu
1731 3451 1983 3542 rediit,
2051 3450 2292 3550 ibique
2342 3453 2795 3553 procinctum
2845 3451 3076 3524 solvit.

936 3567 1206 3640 Urbem
1230 3568 1636 3642 Virdunum
1661 3562 1988 3666 usquein
2018 3569 2214 3660 diem
2248 3570 2407 3642 vitae
2447 3571 2598 3666 ejus
2624 3593 3078 3668 supremum,

933 3684 1202 3783 absque
1255 3685 1401 3758 ulla
1438 3677 1907 3786 refragatione
1963 3686 2295 3759 obtinuit.
2355 3679 2798 3786 Disponebat
2839 3701 3084 3786 praete·

932 3828 1054 3875 rea
1074 3795 1115 3894 ,'
1144 3802 1517 3902 quomodo
1565 3802 1858 3877 ulterius
1883 3803 2346 3904 procedendo
2386 3829 2685 3901 regnum
2729 3828 2942 3875 suum
2982 3801 3085 3874 di·

923 3916 1185 3992 'lataret
1200 3973 1219 4008 ,
1288 3945 1455 3992 cum
1506 3917 1619 4021 res
1667 3946 1810 3992 suae
1863 3945 2270 3992 successum
2307 3903 2662 4020 optimum
2704 3919 3077 4010 haberent,

933 4034 1287 4136 regnique
1314 4038 1601 4112 fortuna
1638 4063 1770 4137 per
1803 4053 2052 4136 captos
2090 4039 2426 4136 primates
2465 4037 2542 4110 id
2590 4035 3074 4137 persuaderet.

930 4155 1074 4228 Sed
1100 4155 1447 4227 Divinitas
1481 4179 1595 4228 res
1620 4154 2024 4230 mundanas
2066 4155 2550 4228 determinans
2567 4209 2588 4247 ,
2621 4173 2695 4228 et
2717 4153 2946 4252 Belgis
2971 4177 3078 4226 re·
3127 4213 3135 4221 ,

933 4273 1175 4370 quiem
1197 4327 1216 4365 ,
1261 4287 1331 4344 et
1354 4271 1523 4344 huic
1552 4273 1898 4370 regnandi
1923 4271 2146 4346 finem
2179 4271 2400 4360 dedit.
