3459 5375
903 573 1028 637 214
1631 571 1963 634 RICHERI
2006 572 2157 636 ΠΒ.
2208 573 2317 635 IV.

902 720 1054 779 erat
1081 733 1098 776 :
1129 710 1302 777 Tam
1341 705 1610 778 clarum
1651 719 1726 778 et
1758 705 2031 803 antiqui
2067 705 2345 804 generis
2367 706 2603 778 virum
2622 759 2643 798 ‚
2684 731 2837 778 non
2872 730 3039 780 mox

901 822 1390 914 reddendum,
1467 823 1594 894 sed
1651 822 1843 922 apud
1896 847 2137 920 regem
2192 839 2337 895 tam
2395 823 2520 895 diu
2584 823 2997 896 habendum
3017 879 3039 914 ,

903 940 1140 1014 donec
1164 941 1288 1038 qui
1313 940 1464 1037 ejus
1490 941 1894 1040 captionem
1921 939 2355 1038 indignaturi
2380 941 2521 1012 sint
2552 941 2571 976 ⁴
2611 955 3042 1040 appareant;

903 1059 962 1130 si
1000 1083 1088 1130 eo
1126 1083 1431 1130 numero
1481 1074 1552 1131 et
1597 1059 1892 1130 nomine
1933 1073 2146 1156 atque
2197 1058 2380 1131 duce
2430 1061 2926 1158 praemineant,
2967 1073 3051 1130 ut

904 1175 1177 1273 indigni
1205 1201 1352 1247 non
1401 1175 1543 1246 sint
1576 1176 1702 1272 qui
1723 1175 1967 1247 hostes
1992 1177 2176 1272 regis
2206 1179 2643 1247 Francorum
2691 1174 3046 1266 dicantur,

904 1293 1052 1364 sive
1099 1291 1467 1364 inferiores
1515 1293 1656 1364 sint
1673 1347 1694 1386 ,
1754 1292 2315 1384 attendendum3
2376 1295 2437 1365 si
2478 1294 2663 1390 lergo
2710 1294 2922 1391 pauci
2980 1309 3053 1365 et

903 1408 1271 1481 inferiores
1319 1409 1811 1506 indignentur,
1859 1410 2252 1483 tenendum
2298 1410 2724 1503 censebant3
2774 1411 2834 1481 si
2874 1434 3059 1481 vero

907 1525 1212 1622 majores
1238 1540 1310 1597 et
1334 1549 1553 1624 quam
1578 1525 1821 1626 plures
1843 1580 1863 1618 ,
1894 1527 2347 1599 reddendum
2380 1529 2730 1628 superiori
2773 1528 3053 1599 ratione

908 1641 1326 1715 suadebant.
1379 1641 1722 1715 Karolum
1759 1668 1927 1741 ergo
1971 1669 2137 1715 cum
2179 1669 2400 1716 uxore
2434 1642 2771 1717 Adelaide
2797 1659 2868 1716 et
2902 1643 3057 1714 filio

909 1757 1278 1830 Ludovico
1299 1813 1318 1850 ,
1388 1774 1460 1831 et
1515 1757 1795 1831 filiabus
1857 1759 2137 1832 duabus
2153 1815 2173 1852 ,
2241 1786 2546 1858 quarum
2607 1761 2827 1833 altera
2882 1763 3057 1831 Ger-

907 1873 1128 1971 berga
1144 1929 1166 1966 ,
1196 1875 1415 1947 altera
1464 1875 1819 1948 Adelaidis
1863 1875 2259 1968 dicebatur,
2320 1901 2609 1950 necnon
2655 1893 2727 1951 et
2761 1877 3055 1950 Arnulfo

910 2007 1176 2091 nepote
1204 1993 1471 2065 carceri
1505 1992 1725 2065 dedit.

958 2235 1024 2288 L.
1041 2265 1116 2278 -
1130 2237 1208 2288 De
1234 2236 1542 2290 difficultate
1558 2239 1589 2270 ³¹
1615 2238 1695 2290 sui
1723 2238 1921 2290 itineris
1936 2238 1969 2274 *
1994 2237 2063 2290 ab
2084 2238 2117 2272 ²*
2140 2239 2269 2290 urbe
2283 2237 2319 2272 ¹*
2334 2237 2622 2290 Remorum
2645 2237 2937 2290 Carnorum
2953 2238 3007 2290 θ’.

1013 2421 1191 2489 Ante
1211 2417 1476 2490 horum
1499 2421 1936 2517 captionem,
1968 2417 2224 2490 diebus
2248 2417 2466 2491 ferme
2487 2414 3055 2515 quatuordecim,

917 2558 1085 2611 cum
1121 2533 1450 2606 aviditate
1484 2534 1807 2608 discendi
1840 2535 2149 2634 logicam
2178 2534 2601 2634 Yppocratis
2628 2532 2655 2570 ²
2706 2532 2889 2604 Choi
2906 2586 2925 2623 ,
2969 2531 3067 2606 de

920 2649 1170 2723 studiis
1231 2650 1640 2724 liberalibus
1693 2676 1878 2751 saepe
1940 2667 2012 2725 et
2056 2650 2364 2725 multum
2416 2652 2800 2747 cogitarem
2818 2704 2838 2741 ,
2883 2673 3060 2747 qua·

921 2767 1093 2839 dam
1128 2766 1244 2839 die
1279 2770 1592 2866 equitem
1627 2770 2097 2841 Carnotinum
2132 2770 2207 2839 in
2242 2767 2421 2840 urbe
2450 2770 2837 2839 Remorum
2872 2765 3063 2863 posi·

919 2897 1036 2954 tus
1061 2883 1351 2955 offendi.
1395 2886 1538 2973 Qui
1573 2911 1617 2957 a
1641 2911 1759 2958 me
1786 2887 2289 2983 interrogatus»,
2322 2886 2483 2982 quis
2518 2899 2592 2956 et
2625 2884 2827 2980 cujus
2849 2898 3057 2974 esset,

924 3018 1055 3072 cur
1097 3014 1170 3072 et
1211 3000 1409 3074 unde
1470 3004 1811 3094 venisset,
1867 3001 2291 3075 Heribrandi
2335 3002 2573 3075 clerici
2610 3000 3063 3073 Carnotensis

923 3115 1235 3214 legatum
1280 3143 1432 3191 sese
1450 3174 1470 3211 ,
1527 3133 1600 3191 et
1636 3120 1940 3192 Richero
1978 3122 2203 3192 sancti
2251 3120 2544 3216 Remigii
2579 3118 2937 3189 monacho
2988 3139 3065 3190 se

925 3232 1109 3306 velle
1141 3233 1341 3332 loqui
1377 3235 1771 3335 respondit.
1816 3240 2002 3333 Ergo
2038 3259 2209 3307 mox
2239 3235 2451 3306 amici
2482 3256 2751 3305 nomen
2776 3247 2850 3304 et
2872 3230 3069 3329 lega-

925 3350 1140 3421 tionis
1171 3376 1460 3423 causam
1485 3344 1888 3444 advertens,
1916 3376 2033 3423 me
2058 3376 2277 3450 quem
2298 3349 2641 3448 querebat
2668 3349 2693 3387 ³
2728 3348 3063 3438 indicavi,

926 3465 1238 3563 datoque
1267 3468 1292 3507 ⁸
1355 3468 1602 3541 osculo
1677 3471 2009 3542 semotim
2038 3470 2063 3509 ⁸
2128 3470 2546 3541 secessimus
2576 3467 2603 3505 ⁸
2618 3522 2634 3538 .
2706 3465 2831 3537 llle
2896 3490 3067 3537 mox

925 3583 1300 3682 epistolam
1367 3586 1663 3685 protulit
1686 3640 1705 3677 ,
1780 3586 2250 3659 hortatoriam
2320 3584 2415 3658 ad
2485 3584 3065 3684 aphorismorum

926 3700 1331 3774 lectionem.
1387 3702 1594 3775 Unde
1637 3718 1709 3777 et
1747 3728 1881 3802 ego
1916 3701 2313 3776 admodum
2348 3700 2617 3774 laetatus
2639 3755 2659 3793 ,
2699 3713 3071 3798 assumpto

929 3820 1248 3916 quodam
1294 3846 1519 3920 puero
1547 3848 1714 3895 cum
1758 3824 2148 3895 Carnotino
2194 3822 2468 3919 equite,
2510 3822 2644 3892 iter
2678 3822 3075 3893 Carnotum

998 4066 1030 4099 θ’
1065 4066 1224 4118 ultate
1242 4105 1258 4131 ‚
1285 4067 1352 4134 ia,
1379 4068 1476 4133 ah,
1501 4086 1586 4133 ur,
1612 4080 1799 4122 notum
1820 4066 1951 4119 absc.

1001 4160 1024 4197 ¹
1055 4154 1128 4220 εἴ

997 4253 1024 4285 ³
1058 4249 1358 4324 yppacratis
1381 4247 1556 4300 codex.

999 4336 1022 4367 ⁸
1057 4336 1237 4403 rebat,
1262 4334 1490 4403 datoque
1511 4373 1527 4399 ,
1553 4333 1737 4389 motim
1755 4372 1773 4399 ‚
1798 4350 1859 4385 us
1884 4332 2101 4387 abscisa.
