3459 5375
901 563 1016 625 194
1621 557 1955 620 RICEERI
2000 547 2150 622 Lm.
2198 555 2304 618 lv.

899 697 1305 796 adepturos.
1375 693 1726 766 Processit
1776 692 2121 766 exercitus
2170 705 2467 790 uterque
2480 742 2504 782 ,
2566 691 2803 765 donec
2854 694 3033 768 alter

895 812 1198 890 alterum
1249 811 1324 882 in
1373 823 1753 909 prospectu
1814 806 2153 897 haberet3
2224 821 2295 879 et
2348 806 2447 880 sic
2498 822 2797 906 uterque
2850 807 3035 883 fixus

895 928 1212 1002 herebat.
1281 928 1649 1023 Utrimque
1703 950 1855 996 non
1903 923 2355 996 mediocriter
2406 923 2811 997 dubitatum
2872 941 2977 998 est
3005 980 3026 1018 ‚

893 1071 1062 1118 cum
1096 1044 1398 1117 Karolus
1423 1044 1529 1116 rei
1549 1042 1867 1114 militaris
1893 1041 2208 1140 inopiam
2227 1039 2559 1131 haberet3
2591 1067 2833 1141 regem
2858 1067 3033 1116 vero

893 1165 1174 1235 animus
1203 1161 1312 1233 sui
1347 1158 1676 1232 facinoris
1710 1157 2037 1229 conscius
2072 1171 2321 1228 contra
2339 1157 2457 1254 jus
2484 1182 2689 1256 agere
2720 1159 2739 1196 ⁴
2786 1184 3034 1257 argue-

893 1302 1002 1359 ret
1017 1339 1038 1376 ,
1079 1309 1244 1356 cum
1283 1281 1626 1355 Karolum
1659 1294 1957 1380 paterno
2004 1279 2283 1352 honore
2336 1280 2777 1380 spoliaverit,
2818 1297 3035 1380 atque

895 1408 1096 1506 regni
1149 1407 1310 1503 jura
1364 1404 1439 1476 in
1501 1427 1652 1476 sese
1701 1400 2178 1475 transfuderit.
2237 1403 2363 1474 His
2420 1417 2715 1502 uterque
2770 1405 3034 1479 herens

889 1523 1332 1624 persistebat.
1365 1518 1684 1593 Tandem
1719 1520 1991 1591 ratione
2025 1543 2343 1615 congrua
2367 1544 2412 1592 a
2434 1521 2851 1620 primatibus
2884 1525 3033 1621 regi

891 1655 1298 1738 suggestum
1333 1653 1440 1710 est
1473 1637 1978 1735 aliquantisper
2011 1660 2179 1708 cum
2212 1638 2523 1709 exercitu
2560 1638 2933 1731 standum3
2970 1640 3033 1713 si

887 1759 1115 1830 hostis
1139 1755 1576 1846 adventaret,
1609 1755 2013 1826 comminus
2038 1752 2682 1852 congrediendum3
2710 1755 2770 1827 si
2797 1756 3034 1830 nullus

889 1873 1278 1964 lacessiret,
1341 1895 1509 1944 cum
1571 1870 1881 1943 exercitu
1940 1867 2416 1942 redeundum.
2496 1874 2642 1942 Nec
2698 1871 2935 1944 minus
2992 1897 3035 1944 a

892 1995 1158 2070 Karolo
1215 1993 1410 2067 idem
1465 1990 1937 2065 deliberatum
2009 1991 2163 2064 fuit.
2234 1991 2441 2064 Unde
2500 1993 2669 2090 quia
2739 2009 3033 2092 uterque

889 2113 1207 2187 constitit
1225 2165 1248 2204 ‚
1291 2125 1590 2208 uterque
1643 2107 1775 2181 sibi
1812 2108 2041 2180 cessit.
2087 2111 2232 2180 Rex
2276 2110 2661 2182 exercitum
2708 2111 3028 2200 reduxit3

893 2229 1196 2305 Karolus
1229 2249 1401 2301 vero
1430 2226 1756 2299 Lauduni
1783 2249 1935 2298 sese
1960 2225 2249 2324 recepit.

1917 2422 2034 2475 XL.

995 2575 1087 2644 Ο.
1119 2572 1386 2643 interea
1421 2573 1819 2642 Drocarum
1844 2569 2148 2668 cupidus
2166 2624 2185 2661 ‚
2222 2568 2315 2641 de
2352 2571 2678 2644 Lauduni
2706 2567 3035 2671 captione

891 2710 1054 2763 sese
1096 2689 1485 2788 plurimum
1537 2683 1861 2759 diffidere
1909 2684 2103 2784 apud
2147 2711 2387 2783 regem
2426 2688 2747 2760 simulate
2788 2711 3037 2787 quere·

901 2806 1137 2896 batur,
1169 2828 1333 2877 cum
1360 2802 1539 2875 aries
1565 2802 1873 2893 cesserit,
1898 2800 2290 2899 militesque
2312 2796 2579 2875 viribus
2604 2801 3031 2897 diffiderent,

903 2919 1127 2991 immo
1154 2919 1368 2992 etiam
1395 2916 1567 2989 urbs
1591 2919 1747 3017 ipsa
1780 2917 2239 2990 inaccessibili
2266 2917 2401 2990 situ
2438 2918 2837 2992 obnitentes
2870 2946 3039 2994 con·

841 3136 846 3141 ς
905 3049 1249 3134 tempnat.
1295 3039 1442 3107 Rex
1476 3059 1759 3107 merore
1795 3032 2159 3107 confectus
2177 3087 2196 3125 ,
2228 3034 2320 3107 ab
2353 3038 2445 3108 O.
2482 3034 2792 3109 subsidia
2824 3039 3034 3137 petit;

903 3176 1056 3225 sese
1089 3153 1320 3224 vicem
1357 3163 2063 3250 recompensaturum
2078 3205 2097 3243 ,
2145 3151 2203 3223 si
2236 3152 2477 3250 copias
2511 3151 2941 3252 suppeditet,
2974 3170 3041 3227 et

908 3264 1000 3343 ad
1033 3267 1386 3364 integrum
1411 3265 1662 3338 urbem
1695 3280 2071 3365 expugnet.
2106 3266 2321 3354 Quod
2356 3267 2415 3338 si
2440 3268 3041 3366 inpraesentiarum

909 3382 1173 3481 aliquid
1226 3383 1426 3481 quod
1483 3381 1929 3479 largiendum
1995 3370 2084 3455 sit
2128 3397 2323 3480 petat
2340 3437 2359 3475 ,
2409 3384 2560 3457 sine
2612 3383 2835 3460 dubio
2892 3412 3042 3462 sese

905 3498 1286 3573 liberaliter
1345 3498 1849 3572 exhibiturum.
1922 3504 2011 3571 O.
2080 3498 2405 3573 Lauduni
2458 3502 3043 3601 inpugnationem

904 3616 1258 3714 simulque
1297 3632 1368 3690 et
1407 3616 1815 3715 captionem
1861 3616 1937 3687 in
1974 3617 2304 3715 proximo
2346 3616 2746 3717 pollicetur,
2792 3621 2855 3693 si
2888 3636 3041 3693 tan-

905 3746 1062 3811 tum
1094 3763 1139 3812 a
1163 3763 1328 3837 rege
1363 3742 1632 3811 Drocas
1666 3738 1985 3835 accipiat.
2035 3742 2182 3811 Rex
2222 3740 2553 3812 vincendi
2592 3741 2889 3839 gloriam
2924 3769 3043 3815 cu·

907 3857 1110 3953 piens
1123 3911 1142 3947 ,
1188 3856 1458 3954 petenti
1499 3840 1817 3927 ‘castrum
1848 3856 2367 3929 accommodat.
2408 3858 2647 3931 Palam
2708 3860 3043 3935 omnibus

905 3971 1095 4043 cedit
1111 4025 1131 4062 ,
1170 3972 1723 4070 promissionum
1752 3969 1844 4043 de
1883 3970 2225 4045 Lauduno
2252 3974 2604 4048 creduluS.
2629 3980 2717 4049 Ο.
2752 4002 3039 4076 quoque

908 4087 1160 4161 urbem
1189 4089 1518 4162 amissam
1555 4089 1629 4160 in
1681 4088 1885 4161 brevi
1932 4114 2085 4163 sese
2132 4090 2577 4165 redditurum
2618 4094 2854 4193 palam
2891 4120 3041 4167 om-

979 4286 996 4317 ¹
1037 4286 1214 4339 fecisse
1242 4304 1388 4359 supra
1409 4286 1575 4357 posito
1597 4304 1749 4357 agere
1775 4286 1947 4338 codes.
