3459 5375
762 537 836 597 18
1452 536 1779 601 RICHERI
1822 539 1969 601 Lm.
2019 540 2133 601 111.

756 667 1084 741 lianensis
1139 681 1209 738 et
1257 668 1640 743 Parisiacus
1653 724 1672 760 ‚
1727 669 2107 744 silletensis
2154 696 2473 769 quoque;
2528 690 2737 772 atque
2784 678 2859 749 hi

753 782 1035 881 publice
1098 782 1611 856 consultabant.
1687 786 2173 859 Renitentibus
2222 804 2463 861 autem·
2523 793 2869 866 Roricone

753 899 1204 973 Laudunensi
1267 913 1336 971 et
1381 898 1765 973 Gubuino⁴
1841 902 2291 977 catalaunico
2349 906 2695 1007 episcopis
2709 961 2728 999 ,
2796 926 2867 980 et

751 1022 1361 1093 vehementissime
1410 1022 1881 1095 asserentibus
1921 1025 2120 1122 quod
2154 1050 2197 1096 a
2240 1027 2691 1100 multitudine
2726 1031 2867 1127 epi-

751 1161 1132 1236 scoporum
1183 1139 1831 1212 excommunicatus
1866 1164 1909 1213 a
1946 1143 2222 1214 minore
2263 1168 2511 1216 eorum
2566 1170 2865 1219 numero

750 1253 1018 1326 absolvi
1053 1277 1202 1325 non
1242 1269 1527 1352 posset,
1559 1255 1979 1353 relinquitur
2008 1260 2186 1330 ratio
2217 1258 2605 1333 differenda
2640 1286 2865 1361 usque

763 1368 855 1441 ad
893 1371 1516 1468 interrogationem
1550 1397 1751 1470 papae
1788 1376 2107 1446 Romani.

767 1534 804 1569 ⁹
1711 1560 1891 1612 xvn.

837 1694 979 1761 Nec
1035 1688 1260 1759 multo
1321 1704 1486 1785 post
1504 1741 1524 1777 ,
1599 1702 1672 1757 et
1720 1687 1977 1785 legatio
2028 1686 2347 1783 dirigitur
2391 1690 2467 1759 in
2520 1688 2777 1762 Gallias
2826 1718 2867 1763 a

739 1804 1009 1875 domno
1073 1800 1397 1872 Johanne
1451 1825 1638 1899 papa
1667 1854 1686 1892 ,
1764 1802 1889 1899 qui
1943 1801 2093 1898 jam
2154 1801 2582 1874 succedebat
2642 1806 2868 1875 Octo-

739 1920 948 1990 viano
987 1917 1012 1954 ²
1026 1972 1045 2006 ,
1102 1915 1351 1987 domni
1403 1917 1676 2015 Agapiti
1742 1918 2170 2007 successori;
2226 1942 2543 1989 asserens
2602 1920 2866 2017 praedi-

738 2050 933 2108 ctum
952 2039 1329 2130 Hugonem
1344 2087 1364 2123 ,
1393 2032 1799 2105 abdicatum
1826 2048 1969 2104 tam
1996 2032 2251 2104 sinodo
2290 2036 2607 2105 Romana
2644 2060 2859 2131 quam

742 2150 970 2248 Papiae
1015 2148 1420 2247 nuperrime
1464 2147 1706 2221 habita
1724 2203 1745 2239 ,
1801 2148 1895 2219 ab
1934 2150 2280 2247 episcopis
2319 2149 2528 2221 Italiae
2574 2152 2861 2225 anathe-

738 2266 1142 2337 matizatum
1155 2316 1176 2355 ,
1215 2262 1350 2337 nisi
1377 2262 1468 2335 ab
1503 2264 1590 2334 iis
1623 2288 1779 2360 quae
1806 2262 2039 2337 illicite
2060 2264 2422 2363 repetebat
2446 2266 2851 2363 quiesceret.

738 2384 896 2469 Qua
944 2380 1292 2477 legatione
1343 2378 1676 2451 omnibus
1733 2380 2053 2451 intimata
2068 2433 2089 2468 ‚
2146 2380 2621 2475 quaerimoniae
2676 2384 2858 2453 ratio

735 2496 1186 2596 pessumdata
1219 2510 1347 2568 est.
1391 2499 1596 2592 Hugo
1628 2497 1865 2592 itaque
1896 2520 1939 2566 a
1974 2494 2184 2566 fratre
2218 2521 2351 2567 suo
2387 2494 2723 2567 Rotberto
2760 2521 2861 2567 re-

735 2630 1019 2714 ceptuS‚
1080 2613 1299 2684 nimia
1331 2612 1676 2685 anxietate
1719 2613 1907 2684 intra
1950 2612 2099 2684 dies
2141 2612 2601 2710 paucissimos
2646 2611 2857 2684 Meldi

736 2739 1108 2811 defunctus
1150 2751 1276 2807 est.

1697 2948 1801 3000 XV
1803 2949 1909 3000 111.

829 3083 1064 3149 Bruno
1128 3081 1364 3173 itaque
1425 3075 2019 3173 metropolitanus
2072 3089 2143 3144 et
2196 3073 2339 3145 dux
2358 3129 2376 3165 ,
2442 3075 2725 3146 cuidam
2771 3101 2851 3148 ex

731 3194 1027 3291 collegio
1089 3195 1597 3265 canonicorum
1656 3193 2105 3264 Mettensium
2179 3193 2469 3264 nomine
2526 3191 2857 3265 Odelrieo

731 3310 920 3408 apud
973 3333 1212 3406 regem
1265 3308 1722 3408 praesulatum
1770 3307 2148 3404 quaerebat.
2210 3309 2425 3395 Quod
2474 3333 2638 3380 cum
2681 3310 2857 3380 obti-

732 3428 997 3498 nuisset
1021 3479 1040 3517 ,
1106 3451 1348 3498 coram
1411 3424 1652 3497 adesse
1713 3423 1902 3496 facit.
1985 3424 2125 3511 Qui
2177 3425 2283 3493 vir
2341 3423 2850 3524 memorabiliS,

727 3566 894 3614 cum
925 3557 1106 3614 esset
1146 3541 1405 3613 divitiis
1445 3556 1516 3613 et
1557 3539 1925 3612 nobilitate
1989 3539 2523 3636 litterarumque
2566 3541 2855 3610 scientia

728 3660 909 3732 adeo
949 3659 1177 3732 clarus
1191 3712 1210 3750 ,
1267 3682 1358 3731 an
1392 3681 1556 3754 rege
1593 3657 1930 3753 largiente
1979 3658 2463 3755 episcopatum
2508 3656 2855 3751 suscipere
2898 3651 2907 3662 ’

727 3776 984 3847 audeat
1027 3778 1437 3847 sciscitatur.
1513 3774 1793 3845 Etenim
1848 3787 2019 3844 tunc
2072 3772 2527 3871 expetebatur
2584 3796 2625 3842 a
2678 3795 2854 3867 quo-

725 3887 891 3959 dam
935 3887 1219 3978 illustri,
1287 3891 1402 3959 cui
1449 3915 1491 3959 a
1535 3888 1716 3961 duce
1765 3887 2101 3960 auxilium
2156 3886 2531 3958 ferebatur.
2599 3891 2682 3957 At
2733 3886 2851 3958 ille

729 4019 970 4102 utpote
1014 4006 1120 4075 vir
1165 4005 1653 4100 magnanimus
1676 4057 1694 4094 ‚
1768 4005 1825 4075 si
1871 4029 1994 4076 rex
2037 4003 2367 4098 largiatur
2390 4056 2408 4091 ‚
2479 4024 2627 4073 sese
2676 4026 2854 4072 con-

800 4215 814 4246 ⁸
855 4219 946 4267 sic.
