3459 5375
918 524 1041 585 150
1636 522 1970 583 RICHERI
2015 522 2169 583 LlB.
2217 524 2328 584 lv.

916 683 1172 730 narum
1200 672 1273 729 et
1295 656 1776 729 humanarum
1811 680 2052 729 rerum
2079 659 2370 731 scientia
2405 656 2801 753 excelleret,
2843 675 3059 760 atque

914 774 1261 849 facundiae
1296 774 1705 847 efficacitate
1740 775 2130 874 plurimum
2164 775 2450 848 valeret.

1901 1054 2037 1105 VIII
2047 1092 2060 1103 .

1012 1216 1264 1283 Factus
1282 1211 1519 1308 itaque
1545 1234 1713 1282 cum
1739 1211 1922 1282 duce
1948 1211 2274 1282 omnium
2295 1208 2599 1302 mediuS,
2624 1211 2722 1283 ait
2749 1238 2765 1282 τ
2805 1240 2841 1280 α
2875 1216 3062 1310 Rege

922 1357 960 1396 «ι
990 1342 1238 1399 nostro
1272 1327 1590 1427 piissimo
1610 1380 1630 1418 ,
1672 1328 1856 1399 inter
1880 1325 2386 1399 intellectibilia
2410 1327 2748 1400 translato
2766 1383 2786 1421 ,
2818 1332 3064 1427 magni·

921 1473 961 1513 «
992 1444 1193 1533 ducis
1232 1460 1780 1542 ceterorumque
1817 1445 2225 1544 principum
2272 1444 2756 1517 benivolentia
2801 1445 2893 1517 ab
2930 1446 3060 1519 oh-

922 1590 961 1631 «
983 1562 1188 1659 jectis
1220 1576 1585 1660 purgatuS‚
1616 1562 1720 1633 rei
1747 1560 2048 1661 puhlicae
2081 1560 2534 1633 consulturus
2562 1561 2884 1635 consedi.
2913 1568 3060 1637 Nec

922 1708 961 1747 «
992 1678 1194 1751 sedet
1218 1680 1460 1751 animo
1474 1734 1494 1771 ,
1536 1694 1616 1750 ut
1650 1678 2040 1777 quicquam
2073 1678 2212 1749 nisi
2243 1676 2336 1749 ad
2358 1676 2762 1777 profectum
2787 1678 2888 1751 rei
2921 1706 3056 1779 pu-

921 1826 958 1865 «
993 1796 1193 1868 blicae
1220 1796 1521 1869 edicam.
1552 1800 1955 1869 Commune
1982 1794 2358 1867 consilium
2383 1818 2624 1893 quaero
2645 1849 2664 1886 ,
2699 1796 2868 1893 quia
2901 1821 3055 1869 om-

923 1944 961 1983 «
995 1913 1207 1986 nibus
1240 1913 1582 2014 prodesse
1618 1900 1857 2013 cupio.
1892 1916 2076 1985 Cum
2109 1910 2394 1984 videam
2418 1938 2566 1985 non
2595 1936 2852 1985 omnes
2874 1914 3063 2011 prin-
3169 1945 3172 1948 ·

924 2055 963 2095 α
996 2026 1190 2126 cipes
1214 2024 1491 2117 adesse,
1516 2050 1830 2124 quoru-m
1855 2048 2147 2123 quoque
2184 2021 2566 2124 prudentia
2592 2039 2664 2096 et
2701 2022 3062 2121 diligentia

858 2184 864 2191 ·
926 2172 964 2213 «
994 2168 1107 2216 res
1139 2144 1341 2240 regni
1382 2142 1860 2215 administrari
1892 2138 2175 2213 valeant
2191 2194 2210 2231 ,
2241 2142 2422 2213 ratio
2457 2138 2809 2239 querendi
2845 2142 3054 2239 regiS,

925 2292 975 2359 «,¹
994 2254 1607 2354 ut'mihi'videtur,
1638 2259 1731 2333 ad
1759 2275 2039 2358 tempus
2075 2258 2466 2331 differenda
2503 2274 2634 2351 est,
2658 2273 2764 2348 ut,
2795 2273 3058 2333 statuto

925 2408 961 2449 «
994 2396 1345 2479 tempore,
1380 2394 1453 2452 et
1477 2404 1730 2480 omnes
1757 2380 1832 2449 in
1857 2402 2087 2451 unum
2113 2377 2505 2468 confluant,
2531 2392 2603 2450 et
2623 2378 3063 2475 uniuscujus-

926 2526 963 2567 «
995 2520 1138 2595 que
1172 2497 1355 2569 ratio
1392 2494 1674 2567 elimata
1707 2509 1780 2566 et
1803 2496 1878 2566 in
1915 2493 2236 2569 medium
2267 2494 2546 2592 prolata
2569 2520 2776 2567 suam
2796 2494 3062 2568 utilita-

926 2642 964 2681 «
994 2627 1142 2685 tem
1176 2613 1698 2685 accommodet.
1747 2610 1956 2684 Unde
1992 2627 2066 2683 et
2089 2607 2294 2683 vobis
2313 2666 2333 2706 ,
2365 2614 2490 2711 qui
2523 2611 2644 2683 hic
2669 2611 3060 2685 consulturi

924 2761 961 2799 «
995 2730 1255 2803 adestis
1272 2784 1293 2822 ,
1324 2729 1599 2830 placeat
1629 2754 1762 2802 vos
1798 2753 2085 2803 mecum
2111 2709 2374 2826 magno
2411 2728 2580 2801 duci
2613 2746 3057 2805 sacmmento

909 2879 955 2918 α
990 2847 1284 2946 alligari,
1311 2862 1646 2920 et·coram
1672 2845 2028 2949 spondere
2054 2845 2146 2919 de
2169 2831 2498 2946 principe
2523 2845 2900 2920 statuendo
2926 2872 3060 2920 vos

920 2993 959 3033 «
990 2965 1177 3042 nihil,
1203 2965 1603 3063 quesituros
1619 3018 1641 3055 ,
1670 2963 1852 3036 nihil
1875 2963 2250 3036 molituros
2266 3017 2287 3054 ‚
2315 2963 2553 3036 donec
2577 2963 2654 3036 in
2687 2979 2916 3036 unum
2950 2989 3062 3036 re-

920 3109 957 3148 «
990 3078 1289 3154 deamus
1306 3135 1327 3173 ,
1370 3095 1443 3153 et
1480 3082 1582 3153 sic
1615 3079 1708 3152 de
1741 3079 2081 3152 habendo
2122 3073 2445 3181 principe
2479 3081 2849 3178 agitemus.
2903 3079 3063 3153 Plu-

922 3226 960 3265 «
990 3198 1259 3290 rignum
1292 3197 1699 3294 enim-valet
1737 3197 2230 3280 deliberationi
2269 3199 2428 3270 dari
2449 3199 2759 3298 spatium
2785 3213 3058 3298 tempo—

919 3345 957 3382 «
988 3314 1122 3406 ris;
1162 3316 1237 3386 in
1276 3341 1423 3414 quo
1457 3301 1987 3414 quamcumque
2029 3340 2184 3387 rem
2222 3315 2525 3414 quisque
2565 3314 2895 3388 discutiat
2911 3367 2931 3406 ,
2986 3331 3058 3389 et

917 3461 955 3500 a
983 3431 1375 3507 discussam
1401 3432 1627 3505 multa
1652 3432 2014 3530 diligentia
2036 3432 2283 3532 poliat.
2325 3460 2360 3502 n
2392 3435 2557 3505 Haec
2592 3432 2940 3510 sententia
2963 3430 3055 3502 ab

910 3549 1247 3622 omnibus
1295 3565 1623 3648 suscepta
1656 3549 2018 3644 laudatur.
2082 3552 2539 3623 Sacramento
2589 3551 2830 3648 itaque
2887 3549 3056 3621 duci

910 3665 1307 3772 alligantur.
1352 3673 1661 3768 Tempus
1697 3667 2048 3739 redeundi
2070 3682 2143 3740 et
2174 3667 2652 3742 conveniendi
2693 3667 3055 3740 constitui-

909 3797 1049 3866 tur.
1082 3769 1199 3858 Sic
1224 3811 1514 3886 quoque
1550 3809 1595 3858 a
1634 3811 1709 3859 se
1736 3786 1949 3858 soluti
1975 3801 2164 3858 sunt.
