3459 5375
962 554 1086 614 230
1683 553 2017 616 RICHERI
2064 555 2214 616 LIB.
2264 555 2373 619 lv.

837 735 842 744 -
965 716 1000 756 α
1043 687 1213 785 quia
1259 687 1558 760 Karolus
1603 689 1996 762 avunculus
2042 713 2245 762 meus
2270 743 2291 780 ‚
2354 713 2605 788 regum
2662 691 3107 770 adversarius

967 833 1003 872 ι(
1045 817 1274 902 patet,
1317 829 1486 876 cum
1528 807 1594 878 ei
1639 807 1712 878 is,
1748 807 1840 879 de
1891 831 2039 904 quo
2092 805 2455 904 loquimur
2502 809 3056 883 communicavit
3080 867 3099 904 ,

965 951 1001 990 «
1043 921 1406 1021 fidemque
1451 937 1901 996 sacramento
1938 923 2167 1015 dedit,
2220 925 2337 1021 jus
2372 921 2541 996 fidei
2572 925 2941 1022 promissae
2988 914 3107 1026 pe-

963 1069 999 1108 «
1037 1039 1229 1112 nitus
1250 1039 1557 1138 abrupit.
1592 1043 1699 1110 An
1720 1042 2040 1113 Manasse
2064 1041 2084 1078 ⁴
2122 1054 2193 1112 et
2220 1035 2562 1137 Rotgerus
2591 1065 2840 1139 regum
2869 1041 3111 1117 adver·

963 1183 1000 1222 «
1042 1155 1206 1226 sarii
1234 1153 1524 1226 dicendi
1559 1178 1711 1226 non
1742 1167 1908 1227 sunt
1922 1209 1940 1246 ,
1980 1155 2296 1254 quicum
2332 1153 2595 1227 Karolo
2623 1155 2821 1228 urbis
2852 1159 3107 1230 Remo·

962 1299 998 1338 κ
1038 1294 1202 1341 rum
1225 1294 1642 1368 pervasores
1668 1269 1899 1367 fuere,
1942 1285 2013 1344 et
2038 1285 2297 1344 sanctae
2330 1271 2462 1343 Dei
2496 1271 2849 1368 genitricis
2878 1273 3114 1348 Mariae

961 1415 998 1453 «
1041 1383 1404 1458 basilicam
1459 1411 1625 1458 cum
1687 1400 1960 1460 armata
2015 1411 2237 1459 manu
2286 1381 2582 1484 ingressi
2640 1401 2807 1459 sunt
2827 1441 2849 1480 ‚
2908 1413 3109 1461 sane·

961 1531 999 1571 «
1035 1503 1488 1600 tuariumque
1577 1501 1849 1576 nefario
1926 1503 2242 1602 ingressu
2346 1503 2792 1576 violaverunt
2828 1503 2861 1574 ἱ)
2966 1509 3113 1580 Hos

961 1650 997 1690 u
1041 1619 1256 1692 etiam
1297 1620 1428 1692 iste
1466 1620 1577 1690 sui
1601 1620 1878 1692 consilii
1926 1620 2259 1696 custodes
2282 1674 2303 1711 ‚
2348 1635 2421 1694 et
2444 1621 2841 1694 amicorum
2870 1623 3113 1722 piaeci-

962 1767 998 1805 «
1038 1761 1226 1837 puos
1259 1735 1594 1809 habebat.
1629 1736 1849 1826 Quod
1888 1739 2057 1835 quia
2090 1737 2701 1812 evidentissimum
2737 1754 2881 1829 est,
2925 1737 3112 1813 dicat

961 1885 997 1922 cc
1038 1878 1236 1926 nunc
1285 1854 1438 1952 ipse
1494 1853 1696 1950 cujus
1750 1854 2179 1954 impulsione
2230 1869 2355 1929 aut
2396 1856 2729 1928 suasione
2762 1854 2960 1927 istud
3004 1879 3111 1954 ag-

962 1999 1000 2038 «
1042 1993 1317 2069 gressus
1343 1970 1454 2044 sit.
1487 1974 1626 2043 Aut
1651 1983 1841 2043 certe
1868 1971 1986 2044 alii
2007 1971 2354 2064 intendet,
2386 1986 2510 2045 aut
2533 1973 2907 2045 convictus
2934 1974 3112 2045 testi-

963 2113 999 2153 «
1045 2085 1306 2157 moniis
1331 2085 1662 2158 labascet.
1707 2085 1957 2159 Nullus
1996 2088 2627 2186 consanguinitatis
2653 2112 2888 2179 amor,
2918 2087 3111 2166 milla

964 2234 1001 2272 t<
1035 2201 1300 2298 babitae
1342 2204 1829 2286 familiaritatis
1872 2205 2091 2303 gratia
2134 2230 2179 2278 a
2214 2206 2388 2279 recti
2418 2204 2669 2302 judicii
2720 2205 2959 2280 forma
2997 2230 3109 2280 me

963 2349 1000 2388 «
1041 2319 1283 2418 aliquo
1310 2320 1538 2394 modo
1571 2320 1936 2394 seducent.
1977 2351 2013 2390 »

960 2674 1134 2727 LVII.
1152 2673 1425 2727 —Laus*
1441 2670 1848 2726 Godenmnni*
1868 2670 1939 2725 de
1960 2672 2387 2745 magnanimitate
2402 2673 2433 2709 ¹*
2456 2673 2727 2727 Bnmonis
2742 2673 2851 2759 et*
2866 2675 2977 2729 ut*
3000 2676 3107 2729 ab·

1493 2787 1557 2823 eo
1577 2768 1830 2841 juditium
1850 2769 2196 2823 constituatur
2215 2768 2249 2804 ⁴*
2270 2769 2573 2841 postulatio.

1061 2932 1640 3023 GodesmannuS‚
1674 2932 2165 3006 Ambianensis
2199 2935 2602 3034 episcopus,
2637 2932 2859 3007 dixit:
2900 2962 2940 3003 α
2970 2938 3105 3007 Νο-

969 3078 1009 3118 t<
1045 3050 1280 3122 vimus
1313 3048 1735 3122 venerabilis
1775 3052 2127 3122 Brunonis
2154 3052 2810 3149 magnanimitatem
2834 3106 2852 3143 ,
2888 3076 3109 3149 quem

969 3194 1010 3235 α
1047 3166 1288 3239 nullus
1321 3164 1678 3238 affinitatis
1723 3190 1955 3258 amor,
2006 3166 2203 3239 nulla
2248 3166 2679 3240 familiaritas
2720 3192 2765 3239 a
2814 3168 3106 3240 veritate

969 3312 1010 3352 «
1045 3278 1469 3381 sequestrat,
1503 3298 1574 3355 at
1607 3282 1799 3381 rigor
1832 3284 2053 3355 animi
2082 3338 2101 3376 ‚
2133 3299 2207 3357 et
2256 3309 2545 3356 morum
2582 3282 2905 3383 probitas
2932 3284 3109 3356 veri·

969 3430 1006 3469 «
1047 3400 1292 3472 dicum
1336 3415 1407 3473 et
1449 3401 1566 3473 cui
1601 3400 2041 3475 credendum
2070 3404 2158 3475 sit
2191 3403 2720 3503 promptissime
2756 3400 3099 3473 indicant.

969 3551 1007 3592 κ
1047 3526 1236 3620 Ergo
1272 3523 1439 3621 quia
1489 3522 1580 3596 de
1615 3522 2137 3597 examinatione
2190 3539 2428 3597 reatus
2476 3524 2705 3596 fratris
2758 3538 2831 3596 et
2864 3523 3106 3624 coepi·

969 3666 1008 3707 a
1045 3640 1248 3739 scopi
1273 3640 1500 3711 nostri
1538 3626 1812 3713 Amulfi
1850 3642 2120 3713 mentio
2158 3641 2481 3740 superius
2509 3639 2691 3731 facta
2724 3653 2854 3731 est,
2900 3638 2993 3711 ab
3019 3662 3109 3711 eo

967 3784 1006 3825 κ
1043 3755 1512 3855 quaerendum
1543 3757 1849 3846 videtur,
1904 3756 2115 3855 quale
2158 3783 2247 3831 ex
2290 3756 2429 3831 hac
2462 3782 2541 3829 re
2566 3754 2987 3831 habendum
3020 3756 3105 3827 sit

967 3906 1008 3949 κ
1038 3876 1376 3975 juditium
1395 3932 1416 3971 ,
1447 3904 1538 3953 eo
1579 3880 1781 3978 quod
1806 3880 2041 3979 ipsum
2090 3894 2419 3980 oporteat
2434 3878 2674 3977 juditii
2706 3894 3108 3978 temperare

969 4025 1008 4065 κ
1047 4021 1422 4070 censuram
1441 4052 1461 4089 ,
1511 4022 1677 4070 cum
1723 3999 1874 4098 ipse
1918 3998 2018 4071 sic
2058 3998 2245 4069 inter
2280 4010 2666 4094 utrumque
2708 3996 2797 4069 sit
2844 3994 3105 4067 consti-

1033 4210 1062 4247 *
1101 4210 1240 4263 Laus
1260 4249 1276 4275 ,
1313 4228 1434 4261 man
1452 4250 1465 4273 ,
1495 4210 1648 4275 nani,
1675 4222 1725 4261 et
1751 4222 1809 4262 ut
1835 4228 1865 4260 a
1884 4248 1899 4273 ‚
1928 4206 2153 4260 constitu
2178 4206 2387 4267 abscisa..

1033 4314 1052 4345 ¹
1093 4312 1276 4375 nanas
1296 4311 1468 4369 codex.
