<?xml version="1.0" encoding="UTF-8"?>
<!DOCTYPE html PUBLIC "-//W3C//DTD XHTML 1.0 Transitional//EN"
    "http://www.w3.org/TR/xhtml1/DTD/xhtml1-transitional.dtd">
<html xmlns="http://www.w3.org/1999/xhtml" xml:lang="en" lang="en">
 <head>
  <title>
</title>
<meta http-equiv="Content-Type" content="text/html;charset=utf-8" />
  <meta name='ocr-system' content='tesseract 3.04.00' />
  <meta name='ocr-capabilities' content='ocr_page ocr_carea ocr_par ocr_line ocrx_word'/>
</head>
<body>
  <div class='ocr_page' id='page_1' title='image "./richerhistoired03parigoog_0290.png"; bbox 0 0 3459 5375; ppageno 0'>
   <div class='ocr_carea' id='block_1_1' title="bbox 1034 582 2430 651">
    <p class='ocr_par' dir='ltr' id='par_1_1' title="bbox 1034 582 2430 651">
     <span class='ocr_line' id='line_1_1' title="bbox 1034 582 2430 651; baseline -0.002 -4"><span class='ocrx_word' id='word_1_1' title='bbox 1034 588 1154 651; x_wconf 81' lang='lat'><strong>2⁷8</strong></span> <span class='ocrx_word' id='word_1_2' title='bbox 1745 582 2080 645; x_wconf 66' lang='lat' dir='ltr'><strong>menum</strong></span> <span class='ocrx_word' id='word_1_3' title='bbox 2123 582 2276 646; x_wconf 82' lang='lat' dir='ltr'><strong>LIB.</strong></span> <span class='ocrx_word' id='word_1_4' title='bbox 2321 582 2430 645; x_wconf 85' lang='lat' dir='ltr'><strong>lv.</strong></span> 
     </span>
    </p>
   </div>
   <div class='ocr_carea' id='block_1_2' title="bbox 1017 714 3158 1399">
    <p class='ocr_par' dir='ltr' id='par_1_2' title="bbox 1017 714 3158 1399">
     <span class='ocr_line' id='line_1_2' title="bbox 1024 714 3158 823; baseline -0.001 -30"><span class='ocrx_word' id='word_1_5' title='bbox 1024 734 1157 811; x_wconf 87' lang='lat' dir='ltr'><strong>est,</strong></span> <span class='ocrx_word' id='word_1_6' title='bbox 1189 733 1440 817; x_wconf 83' lang='lat' dir='ltr'><strong>utpote</strong></span> <span class='ocrx_word' id='word_1_7' title='bbox 1470 720 1645 811; x_wconf 85' lang='lat' dir='ltr'><strong>nati,</strong></span> <span class='ocrx_word' id='word_1_8' title='bbox 1696 720 1926 795; x_wconf 66' lang='lat' dir='ltr'><strong>statiis</strong></span> <span class='ocrx_word' id='word_1_9' title='bbox 1959 746 2046 796; x_wconf 84' lang='lat' dir='ltr'><strong>ac</strong></span> <span class='ocrx_word' id='word_1_10' title='bbox 2077 734 2450 823; x_wconf 85' lang='lat' dir='ltr'><strong>nepotum.</strong></span> <span class='ocrx_word' id='word_1_11' title='bbox 2507 718 2634 791; x_wconf 84' lang='lat' dir='ltr'><strong>His</strong></span> <span class='ocrx_word' id='word_1_12' title='bbox 2665 714 2834 792; x_wconf 89' lang='lat' dir='ltr'><strong>Odo</strong></span> <span class='ocrx_word' id='word_1_13' title='bbox 2871 740 3158 817; x_wconf 83' lang='lat' dir='ltr'><strong>percep-</strong></span> 
     </span>
     <span class='ocr_line' id='line_1_3' title="bbox 1024 834 3153 935; baseline 0 -28"><span class='ocrx_word' id='word_1_14' title='bbox 1024 837 1138 927; x_wconf 88' lang='lat' dir='ltr'><strong>tis,</strong></span> <span class='ocrx_word' id='word_1_15' title='bbox 1169 858 1465 907; x_wconf 88' lang='lat' dir='ltr'><strong>suorum</strong></span> <span class='ocrx_word' id='word_1_16' title='bbox 1490 860 1659 909; x_wconf 85' lang='lat' dir='ltr'><strong>usus</strong></span> <span class='ocrx_word' id='word_1_17' title='bbox 1684 838 2011 931; x_wconf 84' lang='lat' dir='ltr'><strong>consilio,</strong></span> <span class='ocrx_word' id='word_1_18' title='bbox 2041 840 2195 913; x_wconf 78' lang='lat' dir='ltr'><strong>haec</strong></span> <span class='ocrx_word' id='word_1_19' title='bbox 2219 860 2374 911; x_wconf 83' lang='lat' dir='ltr'><strong>sese</strong></span> <span class='ocrx_word' id='word_1_20' title='bbox 2397 848 2862 935; x_wconf 77' lang='lat' dir='ltr'><strong>excepturum</strong></span> <span class='ocrx_word' id='word_1_21' title='bbox 2887 834 3153 933; x_wconf 83' lang='lat' dir='ltr'><strong>optime</strong></span> 
     </span>
     <span class='ocr_line' id='line_1_4' title="bbox 1024 948 3150 1049; baseline 0 -27"><span class='ocrx_word' id='word_1_22' title='bbox 1024 950 1319 1023; x_wconf 83' lang='lat' dir='ltr'><strong>mandat</strong></span> <span class='ocrx_word' id='word_1_23' title='bbox 1340 1004 1361 1041; x_wconf 89' lang='lat'><strong>,</strong></span> <span class='ocrx_word' id='word_1_24' title='bbox 1416 952 1473 1023; x_wconf 89' lang='lat' dir='ltr'><strong>si</strong></span> <span class='ocrx_word' id='word_1_25' title='bbox 1521 954 1810 1025; x_wconf 76' lang='lat' dir='ltr'><strong>Namtas</strong></span> <span class='ocrx_word' id='word_1_26' title='bbox 1826 1006 1848 1045; x_wconf 93' lang='lat'><strong>,</strong></span> <span class='ocrx_word' id='word_1_27' title='bbox 1887 954 2290 1027; x_wconf 74' lang='lat' dir='ltr'><strong>Brittanniae</strong></span> <span class='ocrx_word' id='word_1_28' title='bbox 2325 952 2580 1025; x_wconf 85' lang='lat' dir='ltr'><strong>urbem</strong></span> <span class='ocrx_word' id='word_1_29' title='bbox 2599 1004 2620 1043; x_wconf 90' lang='lat'><strong>,</strong></span> <span class='ocrx_word' id='word_1_30' title='bbox 2671 948 2846 1023; x_wconf 88' lang='lat' dir='ltr'><strong>dolo</strong></span> <span class='ocrx_word' id='word_1_31' title='bbox 2873 966 3150 1049; x_wconf 71' lang='lat' dir='ltr'><strong>captam</strong></span> 
     </span>
     <span class='ocr_line' id='line_1_5' title="bbox 1023 1066 3150 1169; baseline -0 -27"><span class='ocrx_word' id='word_1_32' title='bbox 1023 1068 1299 1159; x_wconf 88' lang='lat' dir='ltr'><strong>reddat,</strong></span> <span class='ocrx_word' id='word_1_33' title='bbox 1333 1084 1405 1141; x_wconf 88' lang='lat' dir='ltr'><strong>et</strong></span> <span class='ocrx_word' id='word_1_34' title='bbox 1437 1092 1481 1140; x_wconf 88' lang='lat' dir='ltr'><strong>a</strong></span> <span class='ocrx_word' id='word_1_35' title='bbox 1497 1068 1643 1141; x_wconf 86' lang='lat' dir='ltr'><strong>suis</strong></span> <span class='ocrx_word' id='word_1_36' title='bbox 1668 1087 1984 1144; x_wconf 82' lang='lat' dir='ltr'><strong>evacuet.</strong></span> <span class='ocrx_word' id='word_1_37' title='bbox 2017 1071 2448 1169; x_wconf 82' lang='lat' dir='ltr'><strong>injuriosum</strong></span> <span class='ocrx_word' id='word_1_38' title='bbox 2472 1070 2667 1143; x_wconf 89' lang='lat' dir='ltr'><strong>enim</strong></span> <span class='ocrx_word' id='word_1_39' title='bbox 2703 1066 2779 1141; x_wconf 88' lang='lat' dir='ltr'><strong>id</strong></span> <span class='ocrx_word' id='word_1_40' title='bbox 2801 1067 3053 1159; x_wconf 80' lang='lat' dir='ltr'><strong>videri,</strong></span> <span class='ocrx_word' id='word_1_41' title='bbox 3093 1070 3150 1141; x_wconf 83' lang='lat' dir='ltr'><strong>si</strong></span> 
     </span>
     <span class='ocr_line' id='line_1_6' title="bbox 1017 1182 3150 1291; baseline -0.001 -33"><span class='ocrx_word' id='word_1_42' title='bbox 1017 1184 1250 1259; x_wconf 83' lang='lat' dir='ltr'><strong>ablata</strong></span> <span class='ocrx_word' id='word_1_43' title='bbox 1288 1186 1487 1283; x_wconf 85' lang='lat' dir='ltr'><strong>prius</strong></span> <span class='ocrx_word' id='word_1_44' title='bbox 1519 1209 1669 1257; x_wconf 90' lang='lat' dir='ltr'><strong>non</strong></span> <span class='ocrx_word' id='word_1_45' title='bbox 1716 1202 2023 1291; x_wconf 80' lang='lat' dir='ltr'><strong>repetat,</strong></span> <span class='ocrx_word' id='word_1_46' title='bbox 2065 1204 2138 1261; x_wconf 91' lang='lat' dir='ltr'><strong>et</strong></span> <span class='ocrx_word' id='word_1_47' title='bbox 2181 1211 2330 1261; x_wconf 90' lang='lat' dir='ltr'><strong>non</strong></span> <span class='ocrx_word' id='word_1_48' title='bbox 2371 1182 2690 1277; x_wconf 87' lang='lat' dir='ltr'><strong>redditis,</strong></span> <span class='ocrx_word' id='word_1_49' title='bbox 2733 1208 2902 1258; x_wconf 90' lang='lat' dir='ltr'><strong>cum</strong></span> <span class='ocrx_word' id='word_1_50' title='bbox 2947 1183 3150 1257; x_wconf 86' lang='lat' dir='ltr'><strong>hoste</strong></span> 
     </span>
     <span class='ocr_line' id='line_1_7' title="bbox 1017 1298 1527 1399; baseline -0.008 -26"><span class='ocrx_word' id='word_1_51' title='bbox 1017 1323 1272 1399; x_wconf 80' lang='lat' dir='ltr'><strong>pacem</strong></span> <span class='ocrx_word' id='word_1_52' title='bbox 1298 1298 1527 1372; x_wconf 88' lang='lat' dir='ltr'><strong>faciat.</strong></span> 
     </span>
    </p>
   </div>
   <div class='ocr_carea' id='block_1_3' title="bbox 1365 1504 2812 1583">
    <p class='ocr_par' dir='ltr' id='par_1_3' title="bbox 1365 1504 2812 1583">
     <span class='ocr_line' id='line_1_8' title="bbox 1365 1504 2812 1583; baseline 0 -23"><span class='ocrx_word' id='word_1_53' title='bbox 1365 1505 1543 1563; x_wconf 84' lang='lat' dir='ltr'><strong>xcn.</strong></span> <span class='ocrx_word' id='word_1_54' title='bbox 1559 1536 1632 1551; x_wconf 92' lang='grc'><strong>-</strong></span> <span class='ocrx_word' id='word_1_55' title='bbox 1654 1506 1892 1581; x_wconf 72' lang='lat' dir='ltr'><strong>Abjeefio</strong></span> <span class='ocrx_word' id='word_1_56' title='bbox 1903 1508 1939 1543; x_wconf 77' lang='lat'><strong>⁴·</strong></span> <span class='ocrx_word' id='word_1_57' title='bbox 1957 1508 2354 1583; x_wconf 66' lang='lat' dir='ltr'><strong>supplicationi·</strong></span> <span class='ocrx_word' id='word_1_58' title='bbox 2367 1506 2404 1543; x_wconf 72' lang='lat'><strong>¹·</strong></span> <span class='ocrx_word' id='word_1_59' title='bbox 2421 1506 2490 1561; x_wconf 70' lang='grc' dir='ltr'><strong>ιι»</strong></span> <span class='ocrx_word' id='word_1_60' title='bbox 2511 1505 2747 1561; x_wconf 69' lang='lat' dir='ltr'><strong>meone</strong></span> <span class='ocrx_word' id='word_1_61' title='bbox 2758 1504 2812 1561; x_wconf 71' lang='lat'><strong>⁶.</strong></span> 
     </span>
    </p>
   </div>
   <div class='ocr_carea' id='block_1_4' title="bbox 1017 1651 3159 3154">
    <p class='ocr_par' dir='ltr' id='par_1_4' title="bbox 1017 1651 3159 3154">
     <span class='ocr_line' id='line_1_9' title="bbox 1114 1651 3156 1754; baseline -0.001 -29"><span class='ocrx_word' id='word_1_62' title='bbox 1114 1656 1278 1726; x_wconf 80' lang='lat' dir='ltr'><strong>Haec</strong></span> <span class='ocrx_word' id='word_1_63' title='bbox 1324 1651 1505 1727; x_wconf 92' lang='lat' dir='ltr'><strong>dum</strong></span> <span class='ocrx_word' id='word_1_64' title='bbox 1552 1655 2102 1754; x_wconf 75' lang='lat' dir='ltr'><strong>exagitarentur,</strong></span> <span class='ocrx_word' id='word_1_65' title='bbox 2165 1668 2240 1728; x_wconf 90' lang='lat' dir='ltr'><strong>et</strong></span> <span class='ocrx_word' id='word_1_66' title='bbox 2291 1653 2459 1726; x_wconf 92' lang='lat' dir='ltr'><strong>Odo</strong></span> <span class='ocrx_word' id='word_1_67' title='bbox 2509 1652 2898 1725; x_wconf 87' lang='lat' dir='ltr'><strong>exercitum</strong></span> <span class='ocrx_word' id='word_1_68' title='bbox 2946 1676 3156 1724; x_wconf 87' lang='lat' dir='ltr'><strong>suum</strong></span> 
     </span>
     <span class='ocr_line' id='line_1_10' title="bbox 1018 1768 3158 1877; baseline -0 -34"><span class='ocrx_word' id='word_1_69' title='bbox 1018 1768 1358 1869; x_wconf 86' lang='lat' dir='ltr'><strong>paulatim</strong></span> <span class='ocrx_word' id='word_1_70' title='bbox 1400 1773 1644 1869; x_wconf 77' lang='lat' dir='ltr'><strong>augeri</strong></span> <span class='ocrx_word' id='word_1_71' title='bbox 1690 1773 2178 1867; x_wconf 79' lang='lat' dir='ltr'><strong>arbitraretur,</strong></span> <span class='ocrx_word' id='word_1_72' title='bbox 2228 1773 2646 1877; x_wconf 86' lang='lat' dir='ltr'><strong>priusquam</strong></span> <span class='ocrx_word' id='word_1_73' title='bbox 2684 1770 2928 1870; x_wconf 83' lang='lat' dir='ltr'><strong>copias</strong></span> <span class='ocrx_word' id='word_1_74' title='bbox 2971 1794 3158 1842; x_wconf 87' lang='lat' dir='ltr'><strong>oon-</strong></span> 
     </span>
     <span class='ocr_line' id='line_1_11' title="bbox 1018 1876 3153 1985; baseline -0.001 -25"><span class='ocrx_word' id='word_1_75' title='bbox 1018 1886 1387 1985; x_wconf 86' lang='lat' dir='ltr'><strong>grediendi</strong></span> <span class='ocrx_word' id='word_1_76' title='bbox 1419 1888 1740 1981; x_wconf 87' lang='lat' dir='ltr'><strong>haberet,</strong></span> <span class='ocrx_word' id='word_1_77' title='bbox 1787 1914 1910 1963; x_wconf 86' lang='lat' dir='ltr'><strong>rex</strong></span> <span class='ocrx_word' id='word_1_78' title='bbox 1955 1914 2121 1966; x_wconf 83' lang='lat' dir='ltr'><strong>cum</strong></span> <span class='ocrx_word' id='word_1_79' title='bbox 2169 1876 2556 1963; x_wconf 79' lang='lat' dir='ltr'><strong>duodecim</strong></span> <span class='ocrx_word' id='word_1_80' title='bbox 2605 1884 2891 1959; x_wconf 80' lang='lat' dir='ltr'><strong>milibus</strong></span> <span class='ocrx_word' id='word_1_81' title='bbox 2931 1884 3153 1975; x_wconf 85' lang='lat' dir='ltr'><strong>affuit,</strong></span> 
     </span>
     <span class='ocr_line' id='line_1_12' title="bbox 1018 2000 3159 2101; baseline -0.001 -26"><span class='ocrx_word' id='word_1_82' title='bbox 1018 2027 1185 2075; x_wconf 91' lang='lat' dir='ltr'><strong>cum</strong></span> <span class='ocrx_word' id='word_1_83' title='bbox 1233 2004 1619 2077; x_wconf 88' lang='lat' dir='ltr'><strong>Fulconem</strong></span> <span class='ocrx_word' id='word_1_84' title='bbox 1681 2030 1802 2078; x_wconf 86' lang='lat' dir='ltr'><strong>sex</strong></span> <span class='ocrx_word' id='word_1_85' title='bbox 1846 2005 2040 2077; x_wconf 88' lang='lat' dir='ltr'><strong>milia</strong></span> <span class='ocrx_word' id='word_1_86' title='bbox 2089 2027 2388 2077; x_wconf 88' lang='lat' dir='ltr'><strong>suorum</strong></span> <span class='ocrx_word' id='word_1_87' title='bbox 2449 2003 2814 2101; x_wconf 74' lang='lat' dir='ltr'><strong>stiparent.</strong></span> <span class='ocrx_word' id='word_1_88' title='bbox 2881 2000 3159 2089; x_wconf 81' lang='lat' dir='ltr'><strong>Quibus</strong></span> 
     </span>
     <span class='ocr_line' id='line_1_13' title="bbox 1018 2118 3159 2210; baseline 0 -19"><span class='ocrx_word' id='word_1_89' title='bbox 1018 2120 1254 2192; x_wconf 84' lang='lat' dir='ltr'><strong>mixtis</strong></span> <span class='ocrx_word' id='word_1_90' title='bbox 1270 2174 1291 2210; x_wconf 92' lang='lat'><strong>,</strong></span> <span class='ocrx_word' id='word_1_91' title='bbox 1358 2121 1705 2194; x_wconf 80' lang='lat' dir='ltr'><strong>exercitus</strong></span> <span class='ocrx_word' id='word_1_92' title='bbox 1757 2136 2195 2195; x_wconf 83' lang='lat' dir='ltr'><strong>armatorum</strong></span> <span class='ocrx_word' id='word_1_93' title='bbox 2247 2120 2588 2193; x_wconf 78' lang='lat' dir='ltr'><strong>densatus</strong></span> <span class='ocrx_word' id='word_1_94' title='bbox 2639 2133 2770 2191; x_wconf 89' lang='lat' dir='ltr'><strong>est.</strong></span> <span class='ocrx_word' id='word_1_95' title='bbox 2825 2118 3036 2189; x_wconf 87' lang='lat' dir='ltr'><strong>Unde</strong></span> <span class='ocrx_word' id='word_1_96' title='bbox 3087 2134 3159 2191; x_wconf 93' lang='lat' dir='ltr'><strong>et</strong></span> 
     </span>
     <span class='ocr_line' id='line_1_14' title="bbox 1018 2233 3156 2338; baseline 0 -31"><span class='ocrx_word' id='word_1_97' title='bbox 1018 2236 1237 2319; x_wconf 81' lang='lat' dir='ltr'><strong>Fulco</strong></span> <span class='ocrx_word' id='word_1_98' title='bbox 1285 2237 1702 2311; x_wconf 86' lang='lat' dir='ltr'><strong>insolentior</strong></span> <span class='ocrx_word' id='word_1_99' title='bbox 1750 2238 2000 2331; x_wconf 88' lang='lat' dir='ltr'><strong>factus,</strong></span> <span class='ocrx_word' id='word_1_100' title='bbox 2063 2262 2222 2338; x_wconf 82' lang='lat' dir='ltr'><strong>quae</strong></span> <span class='ocrx_word' id='word_1_101' title='bbox 2255 2250 2423 2309; x_wconf 88' lang='lat' dir='ltr'><strong>ante</strong></span> <span class='ocrx_word' id='word_1_102' title='bbox 2467 2234 2766 2334; x_wconf 85' lang='lat' dir='ltr'><strong>supplex</strong></span> <span class='ocrx_word' id='word_1_103' title='bbox 2803 2233 3156 2311; x_wconf 89' lang='lat' dir='ltr'><strong>obtulerat</strong></span> 
     </span>
     <span class='ocr_line' id='line_1_15' title="bbox 1019 2347 3154 2450; baseline -0 -28"><span class='ocrx_word' id='word_1_104' title='bbox 1019 2351 1313 2450; x_wconf 89' lang='lat' dir='ltr'><strong>spernit.</strong></span> <span class='ocrx_word' id='word_1_105' title='bbox 1348 2356 1443 2425; x_wconf 90' lang='lat' dir='ltr'><strong>Ut</strong></span> <span class='ocrx_word' id='word_1_106' title='bbox 1478 2352 1748 2427; x_wconf 88' lang='lat' dir='ltr'><strong>bellum</strong></span> <span class='ocrx_word' id='word_1_107' title='bbox 1786 2351 1934 2444; x_wconf 84' lang='lat' dir='ltr'><strong>fiat,</strong></span> <span class='ocrx_word' id='word_1_108' title='bbox 1976 2349 2288 2427; x_wconf 82' lang='lat' dir='ltr'><strong>fervidus</strong></span> <span class='ocrx_word' id='word_1_109' title='bbox 2321 2352 2565 2443; x_wconf 87' lang='lat' dir='ltr'><strong>instat;</strong></span> <span class='ocrx_word' id='word_1_110' title='bbox 2608 2364 2681 2423; x_wconf 90' lang='lat' dir='ltr'><strong>et</strong></span> <span class='ocrx_word' id='word_1_111' title='bbox 2723 2363 2805 2422; x_wconf 91' lang='lat' dir='ltr'><strong>ut</strong></span> <span class='ocrx_word' id='word_1_112' title='bbox 2825 2347 3013 2422; x_wconf 79' lang='lat' dir='ltr'><strong>vada</strong></span> <span class='ocrx_word' id='word_1_113' title='bbox 3045 2351 3154 2421; x_wconf 88' lang='lat' dir='ltr'><strong>Li·</strong></span> 
     </span>
     <span class='ocr_line' id='line_1_16' title="bbox 1018 2466 3156 2568; baseline 0 -29"><span class='ocrx_word' id='word_1_114' title='bbox 1018 2468 1201 2565; x_wconf 85' lang='lat' dir='ltr'><strong>geris</strong></span> <span class='ocrx_word' id='word_1_115' title='bbox 1225 2468 1353 2566; x_wconf 93' lang='lat' dir='ltr'><strong>qui</strong></span> <span class='ocrx_word' id='word_1_116' title='bbox 1391 2470 1491 2543; x_wconf 90' lang='lat' dir='ltr'><strong>eis</strong></span> <span class='ocrx_word' id='word_1_117' title='bbox 1522 2468 1976 2543; x_wconf 86' lang='lat' dir='ltr'><strong>interfluebat</strong></span> <span class='ocrx_word' id='word_1_118' title='bbox 2011 2482 2527 2568; x_wconf 80' lang='lat' dir='ltr'><strong>pertranseant,</strong></span> <span class='ocrx_word' id='word_1_119' title='bbox 2565 2467 2995 2565; x_wconf 85' lang='lat' dir='ltr'><strong>hostemque</strong></span> <span class='ocrx_word' id='word_1_120' title='bbox 3029 2466 3156 2539; x_wconf 87' lang='lat' dir='ltr'><strong>im-</strong></span> 
     </span>
     <span class='ocr_line' id='line_1_17' title="bbox 1018 2582 3156 2685; baseline -0.001 -28"><span class='ocrx_word' id='word_1_121' title='bbox 1018 2598 1288 2685; x_wconf 89' lang='lat' dir='ltr'><strong>petant,</strong></span> <span class='ocrx_word' id='word_1_122' title='bbox 1314 2584 1645 2659; x_wconf 89' lang='lat' dir='ltr'><strong>hortatur</strong></span> <span class='ocrx_word' id='word_1_123' title='bbox 1679 2595 1895 2685; x_wconf 82' lang='lat' dir='ltr'><strong>a‘tque</strong></span> <span class='ocrx_word' id='word_1_124' title='bbox 1926 2584 2201 2659; x_wconf 88' lang='lat' dir='ltr'><strong>suadet.</strong></span> <span class='ocrx_word' id='word_1_125' title='bbox 2247 2583 2411 2658; x_wconf 86' lang='lat' dir='ltr'><strong>odo</strong></span> <span class='ocrx_word' id='word_1_126' title='bbox 2437 2607 2606 2657; x_wconf 89' lang='lat' dir='ltr'><strong>suos</strong></span> <span class='ocrx_word' id='word_1_127' title='bbox 2638 2598 2720 2655; x_wconf 92' lang='lat' dir='ltr'><strong>ut</strong></span> <span class='ocrx_word' id='word_1_128' title='bbox 2755 2582 3156 2683; x_wconf 76' lang='lat' dir='ltr'><strong>spoponde-</strong></span> 
     </span>
     <span class='ocr_line' id='line_1_18' title="bbox 1017 2699 3157 2801; baseline 0 -28"><span class='ocrx_word' id='word_1_129' title='bbox 1017 2716 1180 2774; x_wconf 84' lang='lat' dir='ltr'><strong>rant</strong></span> <span class='ocrx_word' id='word_1_130' title='bbox 1217 2727 1367 2775; x_wconf 88' lang='lat' dir='ltr'><strong>non</strong></span> <span class='ocrx_word' id='word_1_131' title='bbox 1394 2703 1669 2776; x_wconf 79' lang='lat' dir='ltr'><strong>venisse</strong></span> <span class='ocrx_word' id='word_1_132' title='bbox 1704 2703 2110 2795; x_wconf 79' lang='lat' dir='ltr'><strong>advertens,</strong></span> <span class='ocrx_word' id='word_1_133' title='bbox 2151 2727 2242 2776; x_wconf 88' lang='lat' dir='ltr'><strong>eo</strong></span> <span class='ocrx_word' id='word_1_134' title='bbox 2268 2699 2469 2801; x_wconf 90' lang='lat' dir='ltr'><strong>quod</strong></span> <span class='ocrx_word' id='word_1_135' title='bbox 2505 2699 2934 2774; x_wconf 87' lang='lat' dir='ltr'><strong>exercitibus</strong></span> <span class='ocrx_word' id='word_1_136' title='bbox 2967 2699 3157 2774; x_wconf 87' lang='lat' dir='ltr'><strong>oolli—</strong></span> 
     </span>
     <span class='ocr_line' id='line_1_19' title="bbox 1020 2813 3155 2920; baseline -0.001 -30"><span class='ocrx_word' id='word_1_137' title='bbox 1020 2817 1269 2915; x_wconf 87' lang='lat' dir='ltr'><strong>gendis</strong></span> <span class='ocrx_word' id='word_1_138' title='bbox 1292 2818 1505 2916; x_wconf 88' lang='lat' dir='ltr'><strong>hujus</strong></span> <span class='ocrx_word' id='word_1_139' title='bbox 1542 2820 1886 2920; x_wconf 72' lang='lat' dir='ltr'><strong>temporis</strong></span> <span class='ocrx_word' id='word_1_140' title='bbox 1936 2819 2244 2892; x_wconf 83' lang='lat' dir='ltr'><strong>brevitas</strong></span> <span class='ocrx_word' id='word_1_141' title='bbox 2277 2842 2430 2889; x_wconf 89' lang='lat' dir='ltr'><strong>non</strong></span> <span class='ocrx_word' id='word_1_142' title='bbox 2474 2813 2831 2889; x_wconf 86' lang='lat' dir='ltr'><strong>sufficeret</strong></span> <span class='ocrx_word' id='word_1_143' title='bbox 2847 2869 2868 2907; x_wconf 90' lang='lat'>‚</span> <span class='ocrx_word' id='word_1_144' title='bbox 2914 2817 3155 2888; x_wconf 89' lang='lat' dir='ltr'><strong>animo</strong></span> 
     </span>
     <span class='ocr_line' id='line_1_20' title="bbox 1019 2931 3157 3034; baseline 0.002 -28"><span class='ocrx_word' id='word_1_145' title='bbox 1019 2935 1231 3006; x_wconf 88' lang='lat' dir='ltr'><strong>nimis</strong></span> <span class='ocrx_word' id='word_1_146' title='bbox 1257 2935 1540 3034; x_wconf 76' lang='lat' dir='ltr'><strong>turbato</strong></span> <span class='ocrx_word' id='word_1_147' title='bbox 1568 2935 1945 3009; x_wconf 84' lang='lat' dir='ltr'><strong>ferebatur.</strong></span> <span class='ocrx_word' id='word_1_148' title='bbox 1997 2940 2321 3009; x_wconf 81' lang='lat' dir='ltr'><strong>Attamen</strong></span> <span class='ocrx_word' id='word_1_149' title='bbox 2349 2957 2518 3006; x_wconf 90' lang='lat' dir='ltr'><strong>cum</strong></span> <span class='ocrx_word' id='word_1_150' title='bbox 2545 2947 2855 3032; x_wconf 90' lang='lat' dir='ltr'><strong>quatuor</strong></span> <span class='ocrx_word' id='word_1_151' title='bbox 2875 2931 3157 3010; x_wconf 73' lang='lat' dir='ltr'><strong>milibus</strong></span> 
     </span>
     <span class='ocr_line' id='line_1_21' title="bbox 1020 3051 2470 3154; baseline 0.001 -31"><span class='ocrx_word' id='word_1_152' title='bbox 1020 3051 1471 3152; x_wconf 76' lang='lat' dir='ltr'><strong>refragratus,</strong></span> <span class='ocrx_word' id='word_1_153' title='bbox 1500 3051 1685 3126; x_wconf 79' lang='lat' dir='ltr'><strong>vada</strong></span> <span class='ocrx_word' id='word_1_154' title='bbox 1718 3052 1984 3152; x_wconf 83' lang='lat' dir='ltr'><strong>Ligeris</strong></span> <span class='ocrx_word' id='word_1_155' title='bbox 2018 3051 2470 3154; x_wconf 87' lang='lat' dir='ltr'><strong>prohibebat.</strong></span> 
     </span>
    </p>
   </div>
   <div class='ocr_carea' id='block_1_5' title="bbox 1979 3265 2186 3322">
    <p class='ocr_par' dir='ltr' id='par_1_5' title="bbox 1979 3265 2186 3322">
     <span class='ocr_line' id='line_1_22' title="bbox 1979 3265 2186 3322; baseline 0 -1"><span class='ocrx_word' id='word_1_156' title='bbox 1979 3265 2186 3322; x_wconf 84' lang='lat' dir='ltr'><strong>xcm.</strong></span> 
     </span>
    </p>
   </div>
   <div class='ocr_carea' id='block_1_6' title="bbox 1004 3411 3156 4212">
    <p class='ocr_par' dir='ltr' id='par_1_6' title="bbox 1004 3411 3156 4212">
     <span class='ocr_line' id='line_1_23' title="bbox 1112 3411 3154 3514; baseline 0 -29"><span class='ocrx_word' id='word_1_157' title='bbox 1112 3416 1259 3486; x_wconf 82' lang='lat' dir='ltr'><strong>Rex</strong></span> <span class='ocrx_word' id='word_1_158' title='bbox 1292 3412 1461 3504; x_wconf 79' lang='lat' dir='ltr'><strong>vadi</strong></span> <span class='ocrx_word' id='word_1_159' title='bbox 1497 3413 1776 3488; x_wconf 80' lang='lat' dir='ltr'><strong>incessu</strong></span> <span class='ocrx_word' id='word_1_160' title='bbox 1809 3412 2238 3514; x_wconf 83' lang='lat' dir='ltr'><strong>prohibitus,</strong></span> <span class='ocrx_word' id='word_1_161' title='bbox 2281 3411 2380 3486; x_wconf 92' lang='lat' dir='ltr'><strong>ad</strong></span> <span class='ocrx_word' id='word_1_162' title='bbox 2415 3411 2813 3486; x_wconf 80' lang='lat' dir='ltr'><strong>Ambau‘am</strong></span> <span class='ocrx_word' id='word_1_163' title='bbox 2845 3427 3154 3486; x_wconf 84' lang='lat' dir='ltr'><strong>castmm</strong></span> 
     </span>
     <span class='ocr_line' id='line_1_24' title="bbox 1016 3527 3156 3630; baseline -0.001 -28"><span class='ocrx_word' id='word_1_164' title='bbox 1016 3544 1383 3628; x_wconf 83' lang='lat' dir='ltr'><strong>retorquet</strong></span> <span class='ocrx_word' id='word_1_165' title='bbox 1407 3531 1822 3619; x_wconf 85' lang='lat' dir='ltr'><strong>exercitum,</strong></span> <span class='ocrx_word' id='word_1_166' title='bbox 1856 3529 2056 3628; x_wconf 87' lang='lat' dir='ltr'><strong>quod</strong></span> <span class='ocrx_word' id='word_1_167' title='bbox 2091 3554 2242 3602; x_wconf 87' lang='lat' dir='ltr'><strong>non</strong></span> <span class='ocrx_word' id='word_1_168' title='bbox 2277 3528 2533 3630; x_wconf 91' lang='lat' dir='ltr'><strong>procul</strong></span> <span class='ocrx_word' id='word_1_169' title='bbox 2557 3531 2635 3612; x_wconf 79' lang='lat' dir='ltr'><strong>in</strong></span> <span class='ocrx_word' id='word_1_170' title='bbox 2665 3528 2928 3602; x_wconf 90' lang='lat' dir='ltr'><strong>eodem</strong></span> <span class='ocrx_word' id='word_1_171' title='bbox 2952 3527 3156 3602; x_wconf 88' lang='lat' dir='ltr'><strong>litore</strong></span> 
     </span>
     <span class='ocr_line' id='line_1_25' title="bbox 1012 3643 3156 3744; baseline 0 -28"><span class='ocrx_word' id='word_1_172' title='bbox 1012 3643 1325 3732; x_wconf 84' lang='lat' dir='ltr'><strong>fluminis</strong></span> <span class='ocrx_word' id='word_1_173' title='bbox 1348 3645 1533 3718; x_wconf 87' lang='lat' dir='ltr'><strong>inter</strong></span> <span class='ocrx_word' id='word_1_174' title='bbox 1562 3669 1778 3744; x_wconf 86' lang='lat' dir='ltr'><strong>rupes</strong></span> <span class='ocrx_word' id='word_1_175' title='bbox 1823 3643 2206 3738; x_wconf 86' lang='lat' dir='ltr'><strong>eminebat,</strong></span> <span class='ocrx_word' id='word_1_176' title='bbox 2239 3659 2322 3717; x_wconf 90' lang='lat' dir='ltr'><strong>ut</strong></span> <span class='ocrx_word' id='word_1_177' title='bbox 2361 3643 2460 3731; x_wconf 73' lang='lat' dir='ltr'><strong>ibi</strong></span> <span class='ocrx_word' id='word_1_178' title='bbox 2503 3644 2854 3717; x_wconf 82' lang='lat' dir='ltr'><strong>transiens</strong></span> <span class='ocrx_word' id='word_1_179' title='bbox 2889 3659 2961 3718; x_wconf 87' lang='lat' dir='ltr'><strong>et</strong></span> <span class='ocrx_word' id='word_1_180' title='bbox 2997 3657 3156 3741; x_wconf 90' lang='lat' dir='ltr'><strong>post</strong></span> 
     </span>
     <span class='ocr_line' id='line_1_26' title="bbox 1010 3759 3155 3862; baseline -0.001 -28"><span class='ocrx_word' id='word_1_181' title='bbox 1010 3759 1439 3859; x_wconf 83' lang='lat' dir='ltr'><strong>obliquatus,</strong></span> <span class='ocrx_word' id='word_1_182' title='bbox 1479 3761 1810 3836; x_wconf 91' lang='lat' dir='ltr'><strong>hostibus</strong></span> <span class='ocrx_word' id='word_1_183' title='bbox 1834 3786 1878 3834; x_wconf 89' lang='lat' dir='ltr'><strong>a</strong></span> <span class='ocrx_word' id='word_1_184' title='bbox 1913 3777 2114 3860; x_wconf 89' lang='lat' dir='ltr'><strong>tergo</strong></span> <span class='ocrx_word' id='word_1_185' title='bbox 2153 3763 2584 3862; x_wconf 86' lang='lat' dir='ltr'><strong>improvisus</strong></span> <span class='ocrx_word' id='word_1_186' title='bbox 2625 3760 2942 3852; x_wconf 83' lang='lat' dir='ltr'><strong>adsistat,</strong></span> <span class='ocrx_word' id='word_1_187' title='bbox 2991 3785 3155 3832; x_wconf 87' lang='lat' dir='ltr'><strong>eos-</strong></span> 
     </span>
     <span class='ocr_line' id='line_1_27' title="bbox 1008 3875 3156 3976; baseline -0.002 -26"><span class='ocrx_word' id='word_1_188' title='bbox 1008 3892 1153 3973; x_wconf 84' lang='lat' dir='ltr'><strong>que</strong></span> <span class='ocrx_word' id='word_1_189' title='bbox 1194 3877 1556 3976; x_wconf 77' lang='lat' dir='ltr'><strong>adurgeat.</strong></span> <span class='ocrx_word' id='word_1_190' title='bbox 1600 3878 1766 3950; x_wconf 89' lang='lat' dir='ltr'><strong>Odo</strong></span> <span class='ocrx_word' id='word_1_191' title='bbox 1807 3877 1991 3976; x_wconf 88' lang='lat' dir='ltr'><strong>regis</strong></span> <span class='ocrx_word' id='word_1_192' title='bbox 2026 3880 2414 3952; x_wconf 85' lang='lat' dir='ltr'><strong>exercitum</strong></span> <span class='ocrx_word' id='word_1_193' title='bbox 2448 3903 2598 3951; x_wconf 89' lang='lat' dir='ltr'><strong>non</strong></span> <span class='ocrx_word' id='word_1_194' title='bbox 2639 3877 3023 3967; x_wconf 83' lang='lat' dir='ltr'><strong>sustinens,</strong></span> <span class='ocrx_word' id='word_1_195' title='bbox 3066 3875 3156 3956; x_wconf 69' lang='lat' dir='ltr'><strong>le·,</strong></span> 
     </span>
     <span class='ocr_line' id='line_1_28' title="bbox 1008 3993 3147 4092; baseline 0 -27"><span class='ocrx_word' id='word_1_196' title='bbox 1008 4007 1209 4091; x_wconf 86' lang='lat' dir='ltr'><strong>gatos</strong></span> <span class='ocrx_word' id='word_1_197' title='bbox 1234 3994 1299 4065; x_wconf 90' lang='lat' dir='ltr'><strong>ei</strong></span> <span class='ocrx_word' id='word_1_198' title='bbox 1344 3993 1617 4092; x_wconf 87' lang='lat' dir='ltr'><strong>dirigit:</strong></span> <span class='ocrx_word' id='word_1_199' title='bbox 1648 3994 1935 4068; x_wconf 88' lang='lat' dir='ltr'><strong>hostem</strong></span> <span class='ocrx_word' id='word_1_200' title='bbox 1973 4019 2218 4087; x_wconf 77' lang='lat' dir='ltr'><strong>suum,</strong></span> <span class='ocrx_word' id='word_1_201' title='bbox 2256 4019 2407 4067; x_wconf 90' lang='lat' dir='ltr'><strong>non</strong></span> <span class='ocrx_word' id='word_1_202' title='bbox 2445 4018 2688 4092; x_wconf 87' lang='lat' dir='ltr'><strong>regem</strong></span> <span class='ocrx_word' id='word_1_203' title='bbox 2739 4017 2894 4066; x_wconf 86' lang='lat' dir='ltr'><strong>sese</strong></span> <span class='ocrx_word' id='word_1_204' title='bbox 2925 3993 3147 4092; x_wconf 87' lang='lat' dir='ltr'><strong>impe·</strong></span> 
     </span>
     <span class='ocr_line' id='line_1_29' title="bbox 1004 4109 3148 4212; baseline -0 -31"><span class='ocrx_word' id='word_1_205' title='bbox 1004 4111 1199 4194; x_wconf 83' lang='lat' dir='ltr'><strong>tiisse</strong></span> <span class='ocrx_word' id='word_1_206' title='bbox 1252 4109 1634 4204; x_wconf 83' lang='lat' dir='ltr'><strong>mandans3</strong></span> <span class='ocrx_word' id='word_1_207' title='bbox 1681 4137 1818 4184; x_wconf 89' lang='lat' dir='ltr'><strong>nec</strong></span> <span class='ocrx_word' id='word_1_208' title='bbox 1866 4125 2119 4186; x_wconf 85' lang='lat' dir='ltr'><strong>contra</strong></span> <span class='ocrx_word' id='word_1_209' title='bbox 2166 4135 2404 4212; x_wconf 89' lang='lat' dir='ltr'><strong>regem</strong></span> <span class='ocrx_word' id='word_1_210' title='bbox 2454 4112 2836 4210; x_wconf 85' lang='lat' dir='ltr'><strong>quicquam</strong></span> <span class='ocrx_word' id='word_1_211' title='bbox 2879 4109 3148 4182; x_wconf 87' lang='lat' dir='ltr'><strong>molitu·</strong></span> 
     </span>
    </p>
   </div>
   <div class='ocr_carea' id='block_1_7' title="bbox 1076 4327 2076 4396">
    <p class='ocr_par' dir='ltr' id='par_1_7' title="bbox 1076 4327 2076 4396">
     <span class='ocr_line' id='line_1_30' title="bbox 1076 4327 2076 4396; baseline -0.004 -12"><span class='ocrx_word' id='word_1_212' title='bbox 1076 4331 1109 4364; x_wconf 70' lang='lat'>’</span> <span class='ocrx_word' id='word_1_213' title='bbox 1144 4328 1283 4384; x_wconf 76' lang='lat' dir='ltr'><strong>ectio</strong></span> <span class='ocrx_word' id='word_1_214' title='bbox 1302 4369 1318 4396; x_wconf 88' lang='lat'><strong>,</strong></span> <span class='ocrx_word' id='word_1_215' title='bbox 1346 4329 1447 4382; x_wconf 80' lang='lat' dir='ltr'><strong>lica</strong></span> <span class='ocrx_word' id='word_1_216' title='bbox 1468 4369 1483 4395; x_wconf 93' lang='lat'><strong>,</strong></span> <span class='ocrx_word' id='word_1_217' title='bbox 1514 4328 1558 4381; x_wconf 77' lang='lat' dir='ltr'><strong>is</strong></span> <span class='ocrx_word' id='word_1_218' title='bbox 1572 4367 1589 4396; x_wconf 90' lang='lat'><strong>,</strong></span> <span class='ocrx_word' id='word_1_219' title='bbox 1614 4327 1846 4382; x_wconf 72' lang='lat' dir='ltr'><strong>Falcone</strong></span> <span class='ocrx_word' id='word_1_220' title='bbox 1867 4327 2076 4381; x_wconf 72' lang='lat' dir='ltr'><strong>abscisa.</strong></span> 
     </span>
    </p>
   </div>
  </div>
 </body>
</html>
