3459 5375
929 488 1047 551 26⁴
1650 490 1984 551 RICHERI
2027 490 2190 553 LlB.-
2215 491 2323 549 lv.

925 619 1073 689 vim
1105 617 1479 691 advertens
1494 675 1517 707 ,
1550 618 1794 717 legatis
1827 622 2154 694 satisfacit
2168 674 2188 712 ,
2219 620 2910 719 benivolentiamque
2935 650 3057 722 pe-

930 736 1107 807 tenti
1144 735 1457 808 mandat.
1500 740 1663 807 Haec
1702 736 1910 835 legati
1951 737 2192 810 Odoni
2233 734 2568 810 referunt.
2623 737 2788 810 odo
2824 739 3058 837 itaque

930 876 1169 948 regem
1222 852 1416 925 adiit.
1472 856 1731 925 Coram
1779 880 1925 952 quo
1971 856 2292 928 oratione
2339 854 2602 927 utiliter
2647 880 2854 947 usuS,
2912 858 3059 951 ejus

930 970 1147 1065 gratia
1190 972 1456 1068 potitus
1489 985 1636 1062 est;
1668 986 1864 1043 tanta
1898 970 2297 1042 affabilitate
2338 970 2626 1068 insignis
2645 1025 2665 1062 ,
2706 985 2788 1042 ut
2826 972 3060 1043 amici-

932 1085 1103 1156 tiam
1141 1086 1507 1184 pristinam
1541 1102 1967 1159 renovarent
1989 1142 2009 1181 ,
2052 1102 2122 1160 et
2163 1090 2236 1159 in
2273 1088 2480 1171 ¹nullo
2521 1102 2884 1187 suspectus
2919 1090 3062 1185 regi

933 1202 1337 1275 haberetur.

1040 1406 1291 1460 Lxxxl.
1315 1434 1389 1447 —
1408 1406 1611 1461 Bellum
1637 1408 1775 1461 inter
1794 1406 2040 1462 Odonem
2060 1420 2112 1461 et
2126 1406 2161 1441 θ
2183 1407 2469 1460 Falconem
2483 1404 2518 1440 θ’
2546 1402 2614 1471 de
2633 1405 2945 1471 Brittannia.

1035 1566 1183 1634 Hac
1230 1577 1644 1660 tempestate
1693 1562 1967 1653 itidem,
2005 1562 2236 1635 civilia
2275 1561 2463 1634 bella
2507 1578 2827 1662 reparata
2869 1577 3055 1633 sunt.

942 1682 1121 1753 Nam
1160 1678 1377 1759 Fulco
1420 1679 1790 1753 Britanniae
1823 1695 2021 1778 parte
2059 1680 2428 1765 frustratus
2445 1732 2466 1769 ,
2510 1679 2796 1753 insidias
2831 1679 3067 1751 adhuc

941 1819 1189 1894 parare
1231 1794 1730 1868 contendebat.
1789 1796 2244 1893 Collect‘oque
2283 1797 2589 1868 exercitu
2604 1850 2623 1887 ,
2665 1798 2740 1869 in
2773 1796 3070 1868 Brittan-.

942 1911 1137 1983 niam
1160 1935 1475 2011 praeceps
1511 1911 1754 2001 fertur,
1795 1916 2222 2009 Namtasque
2265 1912 2560 2010 appetit.
2600 1911 2816 2007 Cujus
2839 1924 3074 1981 custo-

946 2021 1071 2103 des
1093 2024 1267 2097 alios
1300 2049 1476 2096 auro
1510 2028 1827 2124 corrupit
1843 2080 1863 2118 ,
1895 2026 2070 2099 alios
2093 2025 2520 2123 quibusdam
2559 2024 3074 2124 pollicitationi·

946 2140 1082 2213 bus
1124 2141 1364 2213 illexit.
1417 2144 1535 2215 Eis
1576 2167 1866 2241 quoque
1907 2167 2132 2240 usque
2177 2142 2271 2214 ad
2310 2140 2634 2213 effectum
2675 2141 2892 2212 suasit
2928 2165 3074 2237 quo

948 2256 1081 2328 sibi
1103 2258 1267 2329 satis
1293 2257 1626 2348 facerent,
1660 2273 1741 2330 ut
1762 2258 2026 2330 scilicet
2045 2257 2240 2329 urbis
2263 2258 2631 2329 introitum
2651 2256 3067 2355 panderent.

951 2375 1092 2460 Qui
1122 2374 1333 2464 suasi,
1366 2390 1809 2446 sacramento
1842 2390 2126 2474 tempus
2158 2374 2635 2462 constituunt,
2678 2398 2814 2445 nec
2850 2371 3076 2444 multo

949 2504 1113 2588 post
1164 2504 1234 2561 et
1285 2492 1359 2561 in
1408 2488 1661 2561 urbem
1711 2490 2117 2579 admittunt.
2185 2494 2687 2587 Ingressusque
2727 2482 3072 2588 pervadit,

955 2620 1025 2678 et
1058 2632 1099 2678 a
1136 2604 1439 2697 civibus,
1477 2606 1639 2704 jure
1680 2610 2140 2695 sacramenti,
2183 2606 2467 2679 obsides
2502 2607 2796 2706 accepit.
2831 2611 3078 2677 Arcem

956 2723 1179 2796 solam
1225 2748 1625 2822 expugnare
1665 2747 1816 2795 non
1848 2723 2091 2815 valuit,
2139 2749 2227 2796 eo
2271 2723 2470 2834 quod
2505 2723 2758 2794 milites
2798 2747 3082 2820 magn&

957 2843 1192 2912 nimos
1228 2840 1547 2913 haberet.
1605 2840 1813 2912 Unde
1854 2855 1924 2915 et
1972 2842 2203 2931 cessit,
2258 2835 2408 2911 sese
2445 2837 2777 2911 recedere
2818 2837 3083 2910 delibe—

958 2982 1146 3046 rans,
1209 2972 1284 3029 ut
1320 2957 1541 3057 copiis
1586 2957 2046 3057 amplioribus
2096 2981 2599 3054 congressurus
2646 2955 2931 3046 rediret,
2975 2980 3084 3044 31·-

958 3099 1257 3172 cemque
1285 3088 1740 3174 expugnaret.
1893 3081 1906 3094 ‘

1879 3248 2156 3304 LXXXII.

1044 3413 1379 3500 Conanus
1408 3407 1479 3478 in
1502 3405 1966 3506 exterioribus
1981 3409 2377 3480 Brittanniae
2394 3405 2735 3507 partibus,
2757 3407 2880 3503 qui
2894 3404 3087 3486 locus

969 3525 1311 3622 Bruerech
1342 3524 1626 3618 dicitur,
1671 3522 1764 3595 de
1801 3523 2011 3614 rebus
2051 3509 2320 3616 bellicis
2355 3521 2548 3622 apud
2591 3546 2756 3594 suos
2789 3535 3088 3620 pertrac-

960 3644 1179 3734 tabat,
1221 3667 1387 3719 cum
1438 3641 1531 3728 ad
1576 3641 1728 3738 ejus
1775 3666 1978 3732 aures
2019 3641 2170 3736 baec
2219 3640 2452 3732 delata
2502 3655 2689 3712 sunt.
2740 3639 3088 3735 Magisque

963 3777 1198 3861 coepto
1236 3760 1521 3856 negotio
1578 3758 1902 3837 insistens
1930 3812 1949 3848 ‚
1992 3758 2376 3840 exercitum
2412 3769 2793 3854 congregat
2821 3755 2838 3792 ⁴
2867 3808 2886 3845 ,
2935 3753 3088 3834 hel,-

960 3875 1255 3973 lumque
1298 3872 1451 3944 fieri
1497 3887 1721 3971 parat.
1771 3877 1858 3943 Et
1904 3873 2246 3969 quoniam
2286 3869 2643 3943 obsidioni
2690 3869 3086 3942 instandum

962 4005 1243 4089 tempus
1268 3986 1633 4078 suadebat,
1666 3987 2044 4066 collectum
2071 3989 2454 4066 exercitum
2481 3985 2641 4058 urbi
2662 3985 2959 4075 inducit,
2989 3984 3089 4057 ei·—.

1030 4159 1061 4192 ἥ·
1099 4170 1149 4209 et
1178 4157 1461 4209 Fulconem
1486 4156 1691 4208 abscisa.

1034 4241 1050 4270 ¹
1089 4253 1237 4310 parat
1266 4259 1391 4292 corr.
1420 4253 1716 4311 congregat.
