3459 5375
938 556 1059 615 282
1659 552 1995 618 RIOEBRI
2035 552 2191 617 Lm.
2237 552 2350 619 lv.

932 710 1093 786 spes
1114 682 1311 759 nulla
1344 682 1886 783 relinqueretur,
1917 710 2093 761 cum
2119 710 2318 788 reges
2347 688 2532 788 pau-i
2563 686 2804 761 adhuc
2829 689 3066 769 animo

932 804 1114 875 irato
1134 816 1556 902 perstarent,
1575 817 1649 877 et
1666 802 1887 877 Fulco
1913 803 2304 878 insolentiae
2323 803 2601 905 spiritu,
2615 828 2872 903 pacem
2897 804 3071 876 mul·

930 920 1235 997 tifariam
1264 919 1603 994 turbaret.
1644 922 1738 993 Et
1767 934 2008 995 tamen
2047 920 2123 995 in
2156 921 2359 995 brevi
2397 921 2740 1009 victurus,
2788 920 3076 1019 regibus

934 1034 1200 1132 legatos
1224 1030 1486 1109 celeres
1521 1034 1736 1128 misit,
1774 1036 1900 1134 qui
1931 1060 2068 1137 pro
2101 1060 2179 1111 se
2212 1034 2567 1137 supplices
2610 1036 2928 1108 suasorie
2963 1060 3076 1117 ro·

935 1165 1205 1247 gal-ent,
1250 1164 1322 1228 et
1359 1175 1495 1251 pro
1529 1150 1802 1249 injuriis
1835 1152 2043 1225 illatis
2069 1152 2534 1251 justissimam
2578 1152 2598 1188 ⁸
2647 1176 3077 1252 recompen-

933 1268 1284 1341 sationem
1314 1265 1778 1367 sponderent.
1821 1272 1968 1351 Rex
1999 1282 2377 1347 veteranus
2415 1265 2774 1341 malorum
2799 1290 3079 1339 correc-

935 1384 1207 1455 tionem
1251 1381 1344 1456 ab
1374 1383 1617 1481 legatis
1658 1386 1988 1485 excipere
2035 1385 2288 1459 volens
2301 1438 2324 1477 ,
2381 1409 2425 1458 a
2457 1384 2606 1457 filio
2664 1382 3079 1482 indignante

935 1496 1277 1571 inhibitus
1310 1513 1441 1573 est.
1479 1498 1686 1573 Unde
1720 1514 1794 1575 et
1834 1501 2228 1601 legatorum
2263 1500 2757 1601 allegationem
2793 1500 3080 1599 penitus

936 1615 1225 1713 sprevit,
1262 1629 1475 1714 atque
1518 1616 1679 1689 illos
1713 1618 2069 1699 immunes
2100 1616 2333 1705 redire
2375 1618 2632 1717 coegit.
2689 1616 2966 1707 Quibus
3001 1618 3080 1693 in

938 1732 1190 1805 itinere
1209 1757 1491 1805 moram
1503 1734 1899 1831 agentibuS‚
1926 1751 2310 1834 antequam
2329 1735 2676 1811 redissent
2693 1733 2811 1808 die
2827 1749 3082 1831 quarta

936 1863 1119 1921 natae
1169 1850 1550 1946 synanticae
1593 1850 1800 1942 facta,
1863 1851 2028 1925 Odo
2076 1850 2475 1925 monachus
2515 1850 2740 1934 factus
2792 1848 3075 1941 defecit,

939 1980 1155 2062 atque
1178 1966 1281 2037 sic
1304 1966 1467 2038 vitae
1498 1964 1719 2039 finem
1751 1967 2036 2060 hahuit3
2068 1968 2162 2051 ad
2197 1983 2524 2041 sanctum
2547 1968 2934 2040 Mas-tinum
2965 1967 3083 2039 de·

938 2080 1147 2173 latus,
1178 2098 1251 2156 et
1272 2083 1349 2155 in
1382 2082 1547 2157 loco
1572 2084 1775 2183 quod
1791 2085 2556 2181 majus-monasterium
2587 2082 2874 2175 dicitur,
2911 2108 3081 2159 cum

941 2198 1167 2273 multo
1202 2224 1503 2283 suorum
1530 2200 1882 2311 obsequio
1903 2201 2247 2315 sepultus·

942 2454 1535 2529 XCV.-7-Johannes’
1556 2473 1699 2529 papa
1720 2456 2002 2521 leonem*
2035 2456 2280 2517 abbatem
2309 2454 2414 2509 in*
2443 2454 2640 2517 Gallias
2663 2454 2694 2495 ⁸
2731 2454 2892 2510 mittit
2911 2454 2948 2499 ἓ
2973 2456 3078 2513 ut*

1533 2546 1742 2613 Amulii
1771 2546 2204 2615 abdicationem*
2227 2544 2496 2603 dissolvat.

1036 2721 1181 2792 Per.
1224 2717 1419 2804 idem
1474 2731 1758 2817 tempus
1819 2742 1988 2804 cum
2047 2742 2092 2790 a
2143 2719 2666 2790 Germanorum
2727 2717 3080 2820 episcopis

940 2835 1216 2909 domno
1264 2833 1575 2906 Johanni
1613 2857 1820 2932 papae
1861 2859 1990 2933 per
2025 2833 2359 2933 epistolas
2393 2859 2886 2934 saepenumero
2921 2860 3081 2934 sug·

938 2967 1215 3060 gestum
1240 2952 1447 3041 foret,
1474 2964 1557 3022 ut
1588 2949 1915 3023 Gerberti
1949 2953 2336 3026 Remorum
2359 2951 2891 3051 metropolitani
2915 2977 3082 3052 pro-

940 3069 1339 3142 motionem
1378 3065 1764 3159 abdicaret,
1817 3082 1892 3140 et
1925 3066 2196 3140 Arnulfi
2255 3065 2782 3154 abdicationem
2829 3083 3082 3168 praeter

932 3186 1053 3292 jus
1096 3185 1353 3258 factam
1394 3183 1883 3282 indignaretur
1902 3237 1924 3275 ,
1973 3207 2016 3258 a
2050 3207 2240 3284 papa
2273 3185 2348 3258 in
2397 3185 2860 3260 Germaniam
2911 3199 3080 3262 tunc

938 3301 1251 3377 directus
1270 3316 1381 3376 est
1416 3305 1561 3375 Leo
1596 3301 1996 3374 monachus
2023 3316 2098 3375 et
2129 3300 2378 3394 abbas,
2417 3303 2544 3400 qui
2567 3301 2847 3374 vicibus
2881 3325 3081 3405 papae

934 3420 1230 3524 potitus,
1266 3443 1435 3492 cum
1464 3419 1818 3520 episcopis
1845 3419 2246 3495 Gemaniae
2276 3433 2492 3518 atque
2525 3417 2918 3492 Galliarum
2951 3417 3081 3492 hu·

931 3537 1050 3641 jus
1086 3535 1355 3634 negotii
1394 3550 1466 3616 et
1502 3533 1913 3634 indaginem
1955 3535 2241 3627 faceret,
2287 3549 2362 3608 et
2404 3532 2744 3632 juditium
2777 3533 3078 3632 diligens

940 3652 1111 3725 inde
1138 3652 1510 3753 proferret.
1548 3653 1691 3742 Qui
1724 3652 2234 3726 humanissime
2267 3649 2362 3725 ab
2386 3651 2738 3752 episcopis
2765 3651 2795 3690 ²
2825 3677 3073 3752 excep-

940 3783 1082 3856 ωε,
1137 3768 1229 3852 de
1277 3769 1607 3844 habenda
1657 3770 1915 3843 sinodo
1967 3793 2182 3870 super
2231 3769 2377 3842 hoc
2427 3763 2720 3868 negotio
2759 3792 2928 3841 cum
2979 3769 3076 3840 eis

939 3885 1306 3957 tractabat.
1352 3887 1407 3958 A
1440 3883 1698 4004 quilms
1728 3883 2098 3957 Gallorum
2141 3883 2449 3984 regibus,
2495 3885 2786 3986 Hugoni
2831 3883 3077 3966 videli-

1012 4129 1047 4162 ⁴⁸
1076 4127 1382 4194 lohannes,
1406 4127 1585 4196 Leon,
1610 4127 1820 4196 inGal,
1845 4128 1909 4181 tit
1929 4145 2002 4194 u,
2026 4124 2218 4194 dicati,
2243 4125 2390 4180 solva
2408 4126 2618 4187 abscisa.

1014 4215 1031 4244 “
1068 4213 1409 4285 ωφὼιίιιιιω
1429 4231 1579 4286 supra
1598 4215 1765 4286 posite
1793 4210 2130 4285 justissimam
2158 4209 2331 4270 code-v.

1012 4299 1036 4332 ⁸
1071 4315 1119 4351 e.
1146 4296 1425 4368 germanio
1447 4295 1677 4351 deletum.
