3459 5375
883 484 999 542 152
1590 482 1917 543 RICHERI
1963 481 2112 541 LIB.
2164 481 2272 539 lv.

981 698 997 741 2
1084 670 1187 723 IX.
1219 702 1291 713 -
1318 630 1632 743 Conquestio
1654 672 1842 727 Karoli
1869 640 2014 744 apud
2047 671 2506 743 metropolitanum
2531 670 2600 723 de
2626 689 2810 743 reg-no.
2877 636 2880 639 -

977 820 1251 888 Interea
1278 815 1579 899 Karolus
1616 816 1740 913 qui
1779 816 2005 887 fuerat
2033 812 2346 887 Lotharii
2379 814 2593 887 frater
2611 870 2630 907 ,
2675 814 3022 889 Ludovici

880 946 1175 1030 patruus
1192 986 1211 1023 ,
1280 932 1515 1003 Remis
1566 913 2198 1030 metropolitanum
2246 928 2418 1003 adiit
2433 984 2452 1021 ‚
2509 946 2721 1029 atque
2769 934 2870 1005 sic
2929 932 3024 1007 de

882 1071 1106 1145 regno
1148 1072 1315 1119 eum
1351 1048 1731 1119 convenit:
1773 1077 1808 1115 «
1845 1046 2198 1119 Omnibus
2224 1063 2478 1119 notum
2517 1063 2646 1141 est,
2679 1063 2881 1147 pater
2901 1074 3024 1119 ve-

888 1194 923 1271 ‹5
958 1164 1277 1239 nerande
1296 1220 1317 1259 ,
1340 1166 1501 1263 jure
1528 1163 1962 1238 hereditario
1999 1163 2264 1237 debere
2290 1163 2486 1237 fratri
2505 1238 2510 1249 ,
2528 1180 2599 1238 et
2631 1165 2876 1265 nepoti
2907 1188 3025 1237 me

892 1310 927 1347 «
962 1280 1371 1357 succedere.
1406 1285 1611 1355 Licet
1636 1282 1830 1355 enim
1856 1308 1902 1355 a
1939 1281 2150 1354 fratre
2175 1282 2284 1354 'de
2321 1307 2542 1380 regno
2578 1282 2822 1381 pulsus
2857 1282 3020 1373 sim,

892 1427 930 1465 t<
962 1412 1203 1469 tamen
1229 1414 1485 1483 natura
1522 1398 1701 1489 nihil
1724 1398 2186 1473 humanitatis
2209 1398 2386 1471 mihi
2419 1398 2816 1496 derogavit:
2857 1424 3026 1471 cum

889 1542 929 1587 ι(
962 1514 1301 1586 omnibus
1324 1515 1665 1589 membris
1704 1532 1912 1589 natus
1937 1540 2098 1587 sum
2115 1568 2135 1606 ,
2175 1516 2329 1588 sine
2363 1515 2624 1615 quibus
2660 1516 2892 1614 quivis
2933 1516 3030 1589 ad

896 1660 932 1699 tc
967 1631 1379 1729 dignitatem
1438 1632 1832 1731 quamlibet
1891 1634 2302 1732 promoveri
2359 1658 2508 1706 non
2580 1634 2853 1731 potuit3
2915 1630 3030 1705 his

894 1778 931 1815 «
966 1749 1196 1849 etiam⁴
1216 1773 1367 1820 non
1406 1736 1663 1840 careor
1691 1775 1852 1848 quae
1877 1752 1955 1823 in
1993 1751 2387 1847 regnaturis
2411 1748 2843 1847 quibuslibet
2875 1746 3033 1848 plu-

894 1895 934 1935 «
962 1867 1227 1939 rimu'm
1262 1868 1467 1965 queri
1514 1869 1746 1940 solent
1761 1922 1782 1959 ‚
1829 1893 2086 1965 genere
2107 1922 2127 1959 ,
2169 1884 2242 1939 et
2283 1884 2362 1940 ut
2405 1866 2710 1940 audeam
2742 1868 3022 1939 virtute.

897 2014 933 2052 «
968 1987 1115 2055 Cur
1150 2009 1324 2081 ergo
1368 2009 1412 2057 a
1458 1984 1721 2057 finibus
1758 1984 2021 2082 ejectus
2071 2011 2230 2058 sum
2251 2040 2268 2072 ,
2327 2010 2510 2083 quos
2563 2009 2606 2056 a
2649 1984 3032 2080 majoribus

900 2129 937 2170 ι(
971 2102 1146 2173 meis
1174 2111 1539 2200 possessos
1563 2127 1782 2180 nemo
1809 2099 2086 2176 dubitat
2103 2156 2122 2192 ,
2151 2126 2318 2174 cum
2339 2102 2554 2174 stater
2578 2126 2726 2173 non
2749 2102 2839 2172 sit
2857 2155 2876 2192 ,
2917 2126 3032 2173 ne-

900 2246 939 2285 «
967 2242 1245 2319 posque
1271 2220 1526 2292 obierit
1544 2276 1563 2311 ‚
1590 2220 2017 2319 prolemque
2043 2220 2314 2292 nullam
2339 2215 2802 2316 reliquerint?
2829 2221 3032 2289 Pater

900 2367 936 2404 «
969 2352 1105 2407 no's
1140 2336 1322 2409 duos
1348 2338 1593 2409 {ratres
1618 2329 2025 2436 superstites
2048 2336 2351 2434 reliquit.
2385 2320 2626 2407 Frater
2650 2350 3034 2437 regnorum

902 2483 940 2522 «
972 2442 1373 2527 dominium
1409 2454 1643 2526 totum
1680 2454 2032 2553 possedit,
2081 2452 2402 2551 nihilque
2446 2451 2624 2523 mihi
2659 2450 3025 2523 concessit.

904 2601 939 2639 α
974 2576 1123 2669 Ego
1162 2570 1355 2644 fratri
1381 2570 1728 2659 subdituS,
1775 2571 2076 2649 fideliter
2097 2596 2247 2643 non
2275 2570 2512 2641 minus
2539 2568 2688 2658 aliis
2715 2567 3026 2638 militavi.

903 2721 939 2758 «
974 2696 1030 2762 A
1066 2716 1213 2788 quo
1248 2705 1571 2790 tempore
1598 2690 1864 2777 fateor,
1897 2689 2076 2760 nihil
2113 2687 2288 2759 mihi
2313 2687 2544 2758 carius
2579 2684 2791 2756 fuisse
2817 2682 3040 2756 salute

906 2841 941 2877 «
976 2799 1605 2924 fi·at1·is'.Abjectus
1616 2832 1786 2906 ergo
1811 2823 1883 2878 et
1907 2805 2147 2878 infelix
2161 2828 2308 2902 quo
2333 2793 2451 2876 me
2475 2801 2712 2901 potius
2737 2815 3035 2890 vertam,

907 2956 943 2994 «
978 2951 1145 2999 cum
1180 2926 1393 2998 etiam
1418 2925 1670 2998 omnia
1690 2923 1968 3020 generis
2002 2922 2145 2995 mei
2169 2917 2496 3020 praesidia
2518 2917 2824 2989 extincta
2854 2913 3039 2988 sint?

880 3076 942 3115 -«
978 3047 1175 3132 Quos
1222 3059 1477 3144 praeter
1513 3067 1641 3114 vos
1687 3040 2016 3112 omnium
2051 3037 2520 3110 honestarum
2557 3050 2796 3106 rerum
2831 3057 3044 3128 egens

911 3195 946 3234 «
982 3161 1385 3263 appellem?
1429 3165 1563 3232 Per
1601 3183 1786 3256 quos
1823 3158 1959 3251 nisi
1994 3180 2123 3255 per
2147 3178 2278 3226 vos
2310 3152 2624 3253 paternis
2647 3148 3044 3222 honoribus

908 3312 945 3349 α
980 3278 1357 3354 restituar?
1412 3276 1701 3347 Utinam
1761 3272 1940 3344 mihi
1980 3270 2425 3368 fortunisque
2481 3267 2654 3340 meis
2706 3267 3046 3338 honestus

910 3429 947 3467 «
981 3399 1207 3471 exitus
1260 3395 1652 3469 accidisset.
1674 3390 1916 3482 Quid
1973 3391 2174 3462 enim
2205 3387 2520 3485 abjectus
2567 3383 3048 3484 spectantibus

910 3549 947 3586 «
980 3517 1119 3588 nisi
1152 3511 1637 3631 spectaculum
1678 3535 1831 3582 esse
1870 3507 2173 3607 potero?
2213 3510 2482 3602 Tangat
2506 3521 2650 3574 vos
2649 3501 2899 3632 aliqua
2923 3500 3050 3572 hu-

914 3645 973 3703 «.
984 3623 1339 3705 manitatis
1380 3629 1765 3704 'miseratio-
1814 3623 2321 3732 Compatimini
2369 3620 2580 3694 tantis
2623 3618 2894 3714 injuriis
2937 3616 3048 3689 fa-

917 3781 953 3821 «
984 3753 1225 3848 tigato.
1252 3777 1286 3815 η
