3459 5375
916 571 1039 635 284
1622 572 1958 636 mcHEm
1999 572 2150 639 mn.
2202 572 2310 635 lv.

906 724 1021 781 cet
1044 706 1336 804 ejusque
1368 704 1519 777 filio
1540 706 1906 799 Rotbert0,
1946 706 2154 804 legati
2185 706 2436 779 directi
2465 710 2656 797 sunt,
2697 706 2823 804 qui
2846 731 3040 806 papoe

906 823 1349 910 mandatum,
1393 846 1677 898 necnon
1713 824 1786 897 et
1819 820 2322 924 episcoporum
2347 823 2791 895 voluntatem
2827 848 3043 923 super

906 940 1049 1012 hoc
1073 939 1418 1037 aperiant,
1461 940 1702 1037 eisque
1722 955 1806 1011 ut
1835 964 2002 1012 cum
2037 930 2181 1012 suis
2205 940 2554 1040 episcopis
2579 932 3034 1029 conveniant,

906 1056 1414 1129 rationabiliter
1453 1055 1828 1147 suadeant3
1877 1056 2116 1139 locum
2159 1058 2372 1129 etiam
2425 1072 2849 1155 tempusque
2893 1079 3038 1153 quo

906 1184 978 1246 e't
1026 1171 1319 1271 quando
1376 1172 1949 1263 conveniendum
1999 1186 2204 1271 esset·
2229 1196 2273 1244 a
2323 1171 2604 1270 regibus
2656 1171 3031 1267 discerent,

907 1313 1298 1387 eorumque
1333 1290 1654 1362 animum
1688 1314 1776 1371 ex
1809 1290 1952 1362 hoc
1979 1288 2112 1381 sibi
2135 1289 2496 1373 referrent.

994 1530 1190 1587 XCVI.
1214 1560 1286 1573 —
1310 1531 1473 1599 Quod
1488 1534 1519 1567 ¹⁵
1554 1532 1762 1603 reg-ibus
1791 1530 2138 1587 nuntiatum*
2168 1530 2235 1584 sit
2252 1568 2269 1597 ,
2298 1530 2571 1603 episcopos
2601 1529 2893 1591 Germania
2910 1528 2942 1565 ⁴⁸

1608 1623 1663 1675 in
1718 1621 1967 1675 sinodum
1981 1620 2014 1656 ³*
2057 1620 2357 1674 convenire.

997 1794 1235 1891 Legati
1266 1794 1475 1891 igitur
1520 1794 1770 1867 directi
1820 1809 2008 1867 sunt.
2069 1795 2353 1891 Legatio
2407 1818 2697 1891 quoque
2730 1791 3023 1892 prolata.

898 1913 1133 1997 Quam
1202 1912 1416 1984 etiam
1498 1936 1694 2011 reges
1753 1914 2196 1995 serenissima
2253 1928 2493 1985 mente
2561 1912 2982 2010 excipientes
3006 1963 3025 2000 ,

896 2050 1097 2125 papae
1129 2042 1200 2100 et
1231 2028 1734 2128 episcoporum
1765 2028 2118 2101 mandatis
2152 2030 2226 2100 in
2262 2027 2463 2099 nullo
2497 2043 2671 2099 tunc
2708 2026 3030 2123 refragati

894 2157 1099 2235 sunt3
1130 2170 1279 2217 sese
1302 2145 1677 2216 consilium
1721 2170 1936 2244 super
1960 2146 2104 2217 hoc
2139 2147 2554 2244 quaesituros
2595 2142 3030 2243 responden-

894 2272 999 2330 tes
1018 2314 1038 2349 ,
1102 2275 1313 2357 atque
1367 2262 1768 2358 aequitatem
1821 2261 1914 2334 de
1968 2262 2303 2351 omnibus
2365 2262 2695 2333 facturos.
2761 2259 3028 2359 Legatis

893 2375 1129 2474 itaque
1164 2376 1489 2450 abductis
1505 2431 1525 2468 ,
1578 2402 1712 2478 per
1751 2378 2104 2477 quosdam
2149 2379 2430 2476 regibus
2478 2378 2868 2451 indicatum
2925 2392 3029 2450 est

894 2492 1439 2585 Adalberonem,
1470 2496 2016 2569 Laudunensem
2053 2496 2495 2594 episcopum,
2533 2494 2685 2570 haec
2709 2494 2880 2567 dolo
2918 2518 3027 2565 or·

893 2607 1210 2702 dinasse3
1261 2611 1560 2681 omnino
1610 2612 1824 2683 etiam
1861 2612 2069 2711 ‘apud
2114 2612 2468 2684 -Odonem
2519 2611 2696 2685 illud
2743 2610 3020 2710 pridem

889 2741 1392 2823 pertractasse3
1456 2751 1709 2822 eorum
1757 2743 2138 2826 utrumque
2193 2729 2267 2799 in
2313 2744 2484 2800 voto
2537 2727 2892 2818 habuisse,
2950 2743 3025 2800 ut

891 2843 1233 2924 Ottonem
1267 2866 1505 2940 regem
1540 2841 1782 2914 Galliis
1806 2843 2253 2934 inducerent,
2291 2858 2364 2914 et
2395 2867 2594 2940 reges
2632 2843 2917 2940 ingenio
2954 2857 3023 2914 et

888 2956 1157 3042 viribus
1192 2957 1377 3030 foras
1413 2975 1936 3057 expungerent3
1979 2941 2354 3059 episcopos
2396 2985 2687 3059 quoque
2732 2963 3021 3032 Germa·

888 3073 1021 3143 niae
1044 3073 1209 3152 ideo
1238 3076 1657 3166 convenire,
1708 3091 1787 3148 ut
1820 3075 2071 3148 dolum
2102 3077 2471 3174 quaesitum
2501 3059 2854 3173 expleant.
2899 3079 3022 3148 Re-

886 3213 1007 3285 ges
1032 3190 1269 3287 itaque
1308 3190 1555 3278 fraude
1576 3208 1935 3291 percepta,
1963 3193 2312 3290 episcopis
2327 3193 2478 3288 jam
2513 3191 2607 3264 ad
2639 3191 2880 3266 locum
2906 3189 3022 3262 de-
3139 3247 3146 3252 .

886 3305 1237 3402 signatum
1270 3309 1286 3343 ¹
1343 3309 1930 3382 convenientibus
1972 3335 2102 3408 per
2137 3309 2405 3406 legatos
2437 3307 2840 3381 indicavere
2867 3332 3016 3380 sese

884 3423 1053 3496 illuc
1086 3449 1237 3496 non
1266 3425 1514 3518 ituros»,
1562 3451 1653 3500 5ο
1690 3427 1888 3525 quod
1919 3451 2216 3499 suorum
2257 3427 2651 3525 praecipuos
2685 3449 2908 3524 penes
2943 3449 3014 3496 se

884 3565 1035 3611 non
1062 3540 1433 3633 haberent,
1472 3543 1623 3614 sine
1655 3567 1965 3640 quorum
1987 3541 2284 3614 consilio
2307 3542 2484 3614 nihil
2513 3541 2873 3639 agendum
2903 3542 3012 3614 vel

883 3656 1362 3729 omittendum
1396 3658 1812 3749 videbatur3
1849 3657 2222 3755 indignum
2261 3659 2478 3730 etiam
2511 3657 2645 3729 sibi
2671 3656 2922 3746 videri,
2957 3657 3014 3728 si

880 3773 1309 3845 correctioni
1349 3775 1850 3873 episcoporum
1887 3777 2286 3848 Germaniae
2315 3799 2482 3847 suos
2519 3773 2802 3864 subdat,
2849 3799 3012 3845 cum

880 3888 993 3960 isti
1018 3913 1165 3960 non
1194 3890 1429 3962 minus
1450 3890 1752 3982 nobiles,
1777 3916 1926 3963 non
1946 3893 2182 3962 minus
2203 3905 2554 3990 potenteS‚
2585 3915 2788 3987 aeque
2807 3891 3015 3962 etiam

882 4022 1003 4078 aut
1028 4007 1330 4106 amplius
1355 4009 1703 4107 sapientes
1735 4008 1896 4080 sint.
1939 4011 2078 4110 lpsi
2102 4033 2270 4106 ergo
2299 4009 2358 4080 si
2386 4007 2730 4105 indigent,
2764 4007 2839 4078 in
2863 4005 3014 4078 Gal-

951 4231 980 4265 *
1018 4231 1199 4297 Quod,
1223 4232 1429 4285 nuntiat
1448 4271 1463 4297 ,
1488 4249 1632 4303 germ
1651 4272 1666 4297 ‚
1692 4231 1938 4285 sinodum
1963 4233 2170 4284 abscisa.

957 4315 973 4346 ³
1012 4333 1171 4385 quem
1192 4335 1332 4386 reges
1354 4315 1749 4387 designaverant
1780 4320 1830 4368 1.
