3459 5375
941 571 1056 632 178
1647 553 1973 626 menam
2020 562 2163 630 [ΑΒ.
2214 569 2319 626 iv.

941 731 976 770 «
1020 727 1104 773 ex
1131 699 1526 772 concubina
1558 696 1777 789 filius,
1830 698 2040 795 hujus
2076 699 2261 771 sedis
2305 700 2712 798 dignitatem
2747 726 2877 799 per
2928 703 3048 774 ali-⁸

941 847 978 887 κ
1019 841 1200 916 quos
1259 816 1382 912 qui
1445 813 1618 885 mihi
1675 815 2001 887 assistunt
2056 817 2380 915 expetiit3
2447 815 2784 913 quicquid
2842 817 3047 889 nobis

939 959 976 1000 κ
1017 955 1246 1031 nuper
1306 928 1721 1024 derogatum
1793 943 1897 1000 est
1964 956 2038 1001 se
2100 930 2583 1002 restituturum
2640 930 3041 1029 pollicitus;

935 1079 972 1116 «
1014 1071 1296 1120 necnon
1345 1060 1416 1115 et
1464 1059 1709 1115 contra
1774 1045 2009 1117 hostes
2067 1045 2287 1118 multa
2340 1046 2773 1118 moliturum.
2832 1049 3047 1144 Cujus

931 1195 970 1232 «
1011 1163 1512 1263 promissiones
1557 1176 1628 1232 et
1674 1160 1893 1231 fidem
1910 1214 1929 1251 ,
1982 1161 2075 1232 ad
2110 1176 2420 1232 vestrum
2470 1163 2734 1233 contuli
2788 1166 3049 1234 exami-

930 1309 964 1348 «
1007 1278 1245 1350 nanda
1262 1276 1594 1372 juditium
1617 1329 1637 1366 ‚
1667 1290 1751 1346 ut
1782 1290 1904 1347 aut
1924 1291 2157 1347 vestro
2200 1275 2632 1374 approbetur
2674 1280 2995 1350 examine
3014 1332 3037 1366 ,

929 1427 964 1464 α
1005 1411 1128 1467 aut
1177 1393 1639 1493 improbetur.
1697 1393 1819 1463 Ille
1866 1392 2323 1490 petitionibus
2372 1394 2603 1463 instat.
2676 1395 3041 1466 Potestatis

926 1543 960 1579 «
1002 1528 1246 1583 vestrae
1281 1511 1403 1598 sit,
1458 1524 1695 1580 utrum
1743 1507 1940 1605 quod
1986 1511 2160 1607 petit
2194 1509 2523 1606 accipiat3
2570 1533 2701 1582 nec
2742 1534 2914 1581 vero
2962 1511 3035 1582 in

921 1663 960 1701 «
995 1656 1356 1730 quoquam
1405 1631 1471 1701 ei
1505 1655 1546 1700 a
1581 1654 1696 1700 me
1744 1628 2011 1700 fautum
2054 1644 2190 1719 est3
2232 1621 2405 1700 nihil
2443 1629 2651 1700 etiam
2702 1629 3040 1704 delibera-

919 1785 955 1822 «
997 1769 1172 1824 tum.
1206 1749 1561 1848 Quicquid
1590 1744 1662 1820 id
1689 1743 1907 1840 foret,
1940 1748 2111 1820 utile
2138 1749 2306 1821 duxi
2340 1749 2431 1821 ad
2456 1765 2758 1821 vestram
2782 1739 3036 1822 deferri

916 1901 950 1936 «
994 1867 1256 1940 debere
1285 1889 1693 1956 censuram,
1727 1881 1809 1936 ut
1844 1867 1903 1936 si
1945 1865 2322 1937 honestum
2366 1865 2520 1954 fiat,
2550 1865 2753 1936 vobis
2788 1867 3038 1938 utilita-

914 2015 948 2053 «
993 2003 1136 2058 tem
1175 1999 1246 2056 et
1292 1981 1466 2053 mihi
1513 1982 1807 2078 gloriam
1854 1998 2236 2079 comparet.
2298 1983 2369 2052 Si
2410 1997 2646 2054 autem
2698 1983 3033 2080 pernitio-

913 2134 948 2173 «
993 2127 1189 2191 sum,
1248 2123 1380 2196 ego
1444 2099 1735 2196 quidem
1798 2098 2059 2170 nullius
2119 2098 2465 2197 perfidiae,
2532 2097 2789 2170 nullius
2838 2099 2985 2172 doli
3004 2154 3027 2190 ,

911 2249 946 2286 «
991 2217 1251 2288 nullius
1291 2214 1566 2287 fallatiae
1611 2215 1891 2311 penitus
1928 2239 2202 2310 arguar.
2243 2219 2381 2286 Vos
2406 2239 2577 2286 vero
2603 2230 2723 2286 aut
2758 2215 3029 2288 suffecti

910 2365 944 2403 «
986 2333 1136 2405 doli
1167 2331 1412 2403 falsam
1461 2331 1873 2428 opinionem
1920 2355 2085 2401 cum
2126 2330 2379 2402 doloso
2426 2329 2776 2420 subibitis,
2822 2347 2943 2403 aut
2968 2335 3025 2404 si

909 2481 944 2518 t<
987 2473 1134 2520 non
1153 2501 1174 2538 ,
1209 2448 1282 2518 in
1317 2445 1751 2518 desertorem
1788 2468 2039 2516 manus
2076 2444 2354 2516 assidue
2380 2448 2729 2517 exseretis,
2770 2476 2805 2514 n

1335 2639 1565 2693 xxvn.
1584 2667 1656 2680 ——
1678 2638 1965 2711 Responsio
1985 2639 2017 2674 ²*
2038 2639 2233 2693 civium
2254 2639 2323 2695 ad
2343 2659 2517 2713 regem
2537 2643 2587 2695 *.

999 2782 1106 2854 Ad
1129 2782 1280 2853 haec
1316 2782 1506 2851 cives
1538 2806 1553 2847 :
1595 2808 1629 2845 «
1665 2782 1845 2849 Cum
1878 2806 1913 2844 »
1944 2780 2275 2875 inquiunt
2303 2809 2337 2847 «
2373 2796 2613 2853 vestrae
2646 2783 3022 2878 majestatis

907 2914 942 2968 ’κ
984 2900 1180 2971 dono
1200 2950 1220 2987 ,
1276 2890 1577 2993 eligendi
1630 2894 1902 2965 domini
1938 2895 2136 2994 optio
2184 2895 2392 2968 nobis
2432 2897 2596 2969 data
2642 2899 2760 2990 sit,
2802 2900 3021 2972 multa

905 3044 943 3083 «
981 3014 1125 3087 fide
1148 3070 1166 3103 ‚
1227 3014 1451 3084 multo
1504 3012 1786 3107 ingenio
1843 3010 2255 3082 enitendum
2306 3028 2410 3083 est
2449 3014 2464 3049 ¹
2497 3065 2516 3102 ‚
2576 3029 2657 3084 ut
2696 3030 2765 3085 et
2816 3017 3019 3113 regiae

907 3160 942 3199 c<
985 3130 1336 3227 dignitatis
1372 3126 1735 3223 derogatio
1764 3126 1956 3198 nulla
1993 3126 2150 3219 fiat,
2193 3141 2263 3198 et
2300 3152 2430 3199 nos
2468 3128 2652 3201 falsae
2690 3132 3016 3203 crimina·

904 3277 939 3314 κ
982 3247 1191 3317 tionis
1226 3260 1471 3315 notam
1489 3296 1508 3333 ‚
1541 3266 1924 3338 casumque
1960 3241 2171 3312 futuri
2212 3244 2646 3315 incommodi
2683 3247 3006 3318 vitemus.

903 3393 938 3431 «
979 3360 1304 3433 Arnulfus
1327 3384 1541 3458 quem
1576 3358 1789 3456 paulo
1816 3372 1978 3429 ante
2004 3374 2472 3430 memoratum
2498 3361 2893 3433 audivimus
2912 3418 2931 3452 ‚
2973 3389 3014 3436 a

905 3508 940 3546 α
980 3476 1187 3549 nobis
1213 3500 1438 3573 nuper
1463 3472 1653 3544 idem
1681 3472 2119 3570 expoposcit3
2150 3472 2453 3570 plurima
2479 3474 2619 3546 fide
2644 3478 2701 3547 si
2725 3477 2867 3550 hoc
2894 3478 3013 3552 fiat

906 3623 942 3661 «
983 3594 1163 3689 regis
1221 3587 1600 3661 commoda
1651 3612 1803 3658 sese
1866 3602 2355 3659 exsecuturum
2416 3591 2792 3688 pollicens;
2850 3620 3013 3692 erga

907 3738 942 3777 >2
984 3710 1169 3780 cives
1219 3730 1366 3777 non
1417 3701 1769 3775 modicam
1804 3702 2345 3776 benivolentiam
2391 3706 2817 3780 habiturum.
2874 3712 3012 3784 Sed

907 3856 942 3893 α
984 3824 1151 3922 quia
1191 3823 1341 3917 ejus
1383 3833 1628 3917 utpote
1667 3816 2130 3891 adolescentis
2165 3846 2398 3893 mores
2444 3818 2869 3923 affectusque
2903 3829 3010 3899 in-

905 3970 942 4009 «
983 3953 1214 4011 certos
1261 3932 1602 4006 habemus
1621 3986 1640 4023 ,
1693 3950 1966 4005 nostras
2013 3935 2459 4009 solummodo
2507 3940 2811 4013 rationes
2862 3968 3006 4015 non

903 4087 940 4125 «
983 4052 1301 4127 sufficere
1327 4050 1416 4123 ad
1443 4050 1593 4120 haec
1619 4048 2061 4123 arbitramur.
2095 4052 2339 4126 Adsint
2366 4080 2534 4153 ergo
2558 4059 2681 4154 qui
2710 4058 2908 4131 vobis
2936 4061 3007 4132 id

964 4238 998 4274 ⁴*
1031 4238 1086 4289 io
1107 4253 1192 4288 em
1217 4234 1420 4285 abscisa.

974 4333 986 4354 ¹
1023 4319 1227 4374 videtur
1245 4336 1391 4391 supra
1409 4320 1576 4389 posito
1603 4328 1695 4369 ent.
