3459 5375
945 613 1064 674 228
1670 600 2005 664 Rlcnmu
2050 601 2197 664 Lm.
2245 604 2355 664 lv.

1951 803 2066 858 LV.

1039 962 1454 1053 Herivevus,
1483 959 1925 1032 Belvaoensis
1948 959 2352 1057 episcopus,
2376 956 2589 1029 dixit:
2614 987 2651 1027 «
2666 960 3079 1036 Cavendum

945 1112 980 1151 α
1023 1103 1482 1178 summopere
1515 1090 1622 1150 est
1635 1129 1655 1167 ,
1689 1101 1784 1151 ne
1825 1075 2015 1174 leges
2048 1074 2326 1149 divinas
2360 1072 2759 1147 forensibus
2790 1099 3082 1178 eompa-

944 1226 982 1268 ι(
1022 1223 1288 1272 remus.
1310 1197 1705 1268 Plurimum
1727 1196 1923 1268 enim
1939 1216 1982 1265 a
2008 1217 2084 1265 se
2103 1191 2463 1286 differunt,
2487 1217 2654 1265 cum
2676 1193 3079 1268 divinarum

944 1351 979 1391 «
1023 1322 1114 1392 sit
1147 1319 1239 1402 de
1264 1316 1768 1390 aecclesiasticis
1809 1315 2113 1412 negotiis
2157 1329 2460 1387 tractare
2478 1368 2499 1407 ‚
2541 1331 2613 1387 et
2658 1317 3083 1390 secularium

943 1467 980 1506 «
1019 1434 1451 1509 secularibus
1480 1431 1829 1506 adhiberi.
1862 1437 2187 1521 Quarum
2211 1433 2459 1531 primae
2496 1445 2694 1505 tanto
2734 1433 3085 1508 secundas

941 1584 978 1623 «
1019 1568 1359 1651 superant
1380 1605 1401 1643 ‚
1442 1565 1714 1648 quanto
1770 1547 2099 1620 secundae
2156 1548 2405 1648 primis
2454 1549 2819 1623 inferiores
2868 1565 3079 1641 sunt;

939 1699 974 1740 «
1018 1652 1217 1742 unde
1248 1683 1321 1741 et
1345 1668 1600 1740 divinis
1635 1691 1767 1767 per
1800 1665 2043 1738 om'nia
2063 1690 2233 1738 suus
2258 1665 2499 1738 honor
2522 1666 2913 1740 servandus
2946 1682 3077 1740 est.

939 1817 976 1856 «
1018 1787 1091 1858 Si
1120 1809 1291 1884 ergo
1317 1784 1532 1857 stater
1571 1797 1641 1855 et
1667 1783 2137 1881 coepiscopus
2176 1797 2422 1854 noster
2464 1781 2795 1855 Amulrus
2828 1785 3084 1881 majes-

939 1933 975 1972 «
1019 1903 1182 1974 tatis
1216 1925 1380 1972 reus
1405 1891 1776 1971 convictus
1808 1897 2043 1990 fuerit,
2075 1923 2211 1998 pro
2243 1896 2664 1970 sacerdotali
2690 1903 3087 1974 reverentia

942 2048 980 2088 «
1018 2035 1090 2091 et
1121 2017 1479 2115 sanguinis
1526 2013 1899 2106 affinitate,
1945 2038 1988 2086 a
2021 2013 2482 2088 serenissimis
2527 2011 2809 2112 regibus
2844 2014 3083 2086 indul·

941 2166 976 2206 «
1020 2134 1336 2234 gendum
1371 2133 1816 2230 aliquatenus
1850 2154 2003 2202 non
2044 2129 2311 2202 abnuo.
2357 2135 2396 2202 J
2399 2129 2602 2202 uditii
2640 2147 2879 2204 tamen
2923 2158 3083 2205 sen·

941 2283 976 2320 «
1020 2253 1316 2324 tentiam
1349 2249 1649 2321 omnino
1675 2272 1831 2320 non
1856 2245 2143 2344 effugiet
2159 2300 2181 2338 ,
2226 2246 2283 2318 si
2318 2268 2448 2317 sua
2486 2247 2932 2321 confessione
2974 2250 3081 2322 in·

941 2399 977 2438 a
1019 2368 1277 2466 dignus
1303 2363 1724 2440 sacerdotali
1749 2363 2090 2462 dignitate
2116 2363 2698 2438 manifestabitur.
2734 2395 2771 2434 n

1303 2681 1863 2756 LV1.--1ndigmtio
1880 2683 1911 2721 ⁴·
1937 2683 2202 2743 amoni,
2218 2683 2249 2721 *
2273 2685 2331 2739 in
2354 2685 2639 2741 Amulfum
2653 2687 2709 2739 α.

1037 2864 1278 2931 Bruno
1335 2859 1799 2955 Lingonensis
1842 2859 2222 2957 episcopus
2270 2857 2497 2930 dixit:
2554 2888 2593 2927 σι
2628 2862 2838 2932 Hune
2894 2862 3083 2935 unde

945 3010 982 3049 «
1021 2978 1142 3050 hic
1183 3002 1420 3050 sermo
1475 2974 1784 3049 habetur
1817 2976 1893 3048 in
1938 2976 2069 3048 has
2120 2976 2437 3048 miserias
2474 2976 2945 3075 praecipitasse
2994 2981 3087 3051 vi-

945 3127 981 3166 «
1023 3095 1228 3185 deor,
1257 3119 1451 3183 cum,
1477 3108 1730 3165 eontra
1756 3092 2152 3165 multorum
2183 3092 2547 3165 bonorum
2585 3108 2756 3165 vota
2774 3148 2794 3186 ,
2834 3094 2931 3167 ad
2954 3095 3083 3167 ho·

947 3243 984 3282 «
1025 3213 1221 3284 noris
1275 3210 1557 3283 culmen
1605 3212 1925 3309 provexi.
1978 3214 2070 3283 Et
2117 3210 2261 3282 hoc
2313 3234 2463 3282 non
2506 3210 2742 3283 solum
2796 3228 3087 3311 propter

948 3360 983 3399 «
1026 3330 1257 3402 carnis
1278 3326 1690 3401 affinitatem
1719 3327 1946 3420 effeci,
1976 3326 2104 3401 sed
2129 3330 2344 3401 etiam
2371 3342 2450 3399 ut
2472 3326 2569 3400 ad
2592 3328 2906 3401 melioris
2932 3332 3087 3402 vitae

947 3478 982 3516 α
1027 3460 1288 3519 statum
1312 3444 1524 3523 illum
1541 3442 2005 3535 attraherem,
2043 3468 2211 3516 cum
2246 3469 2396 3516 non
2424 3446 2829 3543 ignorarem
2855 3447 3085 3545 ipsum

947 3594 984 3634 «
1025 3562 1512 3637 Laudunensis
1560 3561 1756 3633 urbis
1803 3585 2259 3660 pervasorem
2275 3616 2296 3652 ,
2349 3577 2563 3659 atque
2612 3563 2893 3635 nefariae
2952 3566 3089 3637 fao-

949 3716 986 3755 «
1029 3685 1242 3757 tionis
1277 3684 1734 3756 temerarium
1783 3683 2216 3782 principem3
2264 3682 2398 3756 sub
2426 3684 2589 3780 jure
2634 3686 3079 3784 cirographi,

951 3832 988 3871 «
1029 3800 1313 3898 regibus
1350 3797 1570 3870 fidem
1608 3798 2079 3898 spopondisse
2095 3854 2113 3891 ,
2155 3825 2291 3899 pro
2339 3798 2539 3871 nullo
2580 3802 2935 3899 praeterito
2971 3818 3089 3875 aut

951 3948 988 3987 «
1029 3919 1268 3990 futuro
1321 3931 1766 3989 sacramento
1820 3915 2039 3989 fidem
2082 3918 2509 4016 promissam
2556 3942 2709 3991 sese
2745 3944 3089 4017 umquam

951 4066 986 4106 κ
1029 4034 1495 4124 violaturum3
1531 4058 1779 4130 regum
1804 4033 2045 4106 hostes
2078 4060 2213 4133 pro
2240 4033 2527 4131 ingenio
2559 4048 2631 4106 et
2661 4034 2931 4107 viribus
2964 4037 3092 4108 im·

951 4184 986 4222 «
1029 4154 1414 4253 petiturum
1430 4205 1449 4242 ,
1499 4150 1776 4251 illisque
1819 4152 1892 4224 in
1930 4152 2131 4225 nullo
2173 4153 2892 4227 communicaturum.
2950 4154 3091 4228 Sed

1023 4374 1052 4405 ¹
1091 4372 1194 4423 Ind
1213 4408 1231 4436 ,
1263 4370 1368 4423 Bru
1386 4410 1404 4437 ,
1435 4370 1716 4424 Amulfum
1741 4369 1872 4421 abac.
