<?xml version="1.0" encoding="UTF-8"?>
<!DOCTYPE html PUBLIC "-//W3C//DTD XHTML 1.0 Transitional//EN"
    "http://www.w3.org/TR/xhtml1/DTD/xhtml1-transitional.dtd">
<html xmlns="http://www.w3.org/1999/xhtml" xml:lang="en" lang="en">
 <head>
  <title>
</title>
<meta http-equiv="Content-Type" content="text/html;charset=utf-8" />
  <meta name='ocr-system' content='tesseract 3.04.00' />
  <meta name='ocr-capabilities' content='ocr_page ocr_carea ocr_par ocr_line ocrx_word'/>
</head>
<body>
  <div class='ocr_page' id='page_1' title='image "./richerhistoired03parigoog_0094.png"; bbox 0 0 3459 5375; ppageno 0'>
   <div class='ocr_carea' id='block_1_1' title="bbox 837 564 2239 631">
    <p class='ocr_par' dir='ltr' id='par_1_1' title="bbox 837 564 2239 631">
     <span class='ocr_line' id='line_1_1' title="bbox 837 564 2239 631; baseline 0 -2"><span class='ocrx_word' id='word_1_1' title='bbox 837 572 917 629; x_wconf 75' lang='lat'><strong>82</strong></span> <span class='ocrx_word' id='word_1_2' title='bbox 1547 564 1878 627; x_wconf 82' lang='lat' dir='ltr'>RICHERI</span> <span class='ocrx_word' id='word_1_3' title='bbox 1923 564 2072 631; x_wconf 88' lang='lat' dir='ltr'><strong>LIB.</strong></span> <span class='ocrx_word' id='word_1_4' title='bbox 2123 566 2239 629; x_wconf 83' lang='grc' dir='ltr'><strong>ΠΙ.</strong></span> 
     </span>
    </p>
   </div>
   <div class='ocr_carea' id='block_1_2' title="bbox 834 697 2972 1009">
    <p class='ocr_par' dir='ltr' id='par_1_2' title="bbox 834 697 2972 1009">
     <span class='ocr_line' id='line_1_2' title="bbox 838 697 2972 798; baseline -0.001 -26"><span class='ocrx_word' id='word_1_5' title='bbox 838 700 915 773; x_wconf 90' lang='lat' dir='ltr'><strong>id</strong></span> <span class='ocrx_word' id='word_1_6' title='bbox 940 699 1301 798; x_wconf 85' lang='lat' dir='ltr'><strong>agendum</strong></span> <span class='ocrx_word' id='word_1_7' title='bbox 1328 700 1535 797; x_wconf 88' lang='lat' dir='ltr'><strong>copia</strong></span> <span class='ocrx_word' id='word_1_8' title='bbox 1564 698 1865 771; x_wconf 87' lang='lat' dir='ltr'><strong>militum</strong></span> <span class='ocrx_word' id='word_1_9' title='bbox 1893 722 2042 769; x_wconf 94' lang='lat' dir='ltr'><strong>non</strong></span> <span class='ocrx_word' id='word_1_10' title='bbox 2069 697 2444 787; x_wconf 78' lang='lat' dir='ltr'><strong>defecerit3</strong></span> <span class='ocrx_word' id='word_1_11' title='bbox 2477 697 2732 795; x_wconf 78' lang='lat' dir='ltr'><strong>gratias</strong></span> <span class='ocrx_word' id='word_1_12' title='bbox 2757 698 2972 771; x_wconf 85' lang='lat' dir='ltr'><strong>etiam</strong></span> 
     </span>
     <span class='ocr_line' id='line_1_3' title="bbox 836 812 2971 915; baseline -0.002 -25"><span class='ocrx_word' id='word_1_13' title='bbox 836 842 989 890; x_wconf 90' lang='lat' dir='ltr'><strong>sese</strong></span> <span class='ocrx_word' id='word_1_14' title='bbox 1028 816 1465 915; x_wconf 81' lang='lat' dir='ltr'>quandoque</span> <span class='ocrx_word' id='word_1_15' title='bbox 1516 815 1962 887; x_wconf 88' lang='lat' dir='ltr'><strong>redditurum</strong></span> <span class='ocrx_word' id='word_1_16' title='bbox 1983 870 2001 905; x_wconf 91' lang='lat'>‚</span> <span class='ocrx_word' id='word_1_17' title='bbox 2057 815 2115 887; x_wconf 87' lang='lat' dir='ltr'><strong>si</strong></span> <span class='ocrx_word' id='word_1_18' title='bbox 2169 812 2244 885; x_wconf 88' lang='lat' dir='ltr'><strong>id</strong></span> <span class='ocrx_word' id='word_1_19' title='bbox 2293 813 2494 911; x_wconf 91' lang='lat' dir='ltr'><strong>quod</strong></span> <span class='ocrx_word' id='word_1_20' title='bbox 2528 815 2726 914; x_wconf 90' lang='lat' dir='ltr'><strong>cupit</strong></span> <span class='ocrx_word' id='word_1_21' title='bbox 2767 840 2971 913; x_wconf 85' lang='lat' dir='ltr'><strong>aequo</strong></span> 
     </span>
     <span class='ocr_line' id='line_1_4' title="bbox 834 935 1553 1009; baseline -0.004 -1"><span class='ocrx_word' id='word_1_22' title='bbox 834 938 1076 1008; x_wconf 88' lang='lat' dir='ltr'><strong>animo</strong></span> <span class='ocrx_word' id='word_1_23' title='bbox 1111 935 1553 1009; x_wconf 83' lang='lat' dir='ltr'><strong>adoriantur.</strong></span> 
     </span>
    </p>
   </div>
   <div class='ocr_carea' id='block_1_3' title="bbox 1060 1123 2731 1199">
    <p class='ocr_par' dir='ltr' id='par_1_3' title="bbox 1060 1123 2731 1199">
     <span class='ocr_line' id='line_1_5' title="bbox 1060 1123 2731 1199; baseline -0.002 -16"><span class='ocrx_word' id='word_1_24' title='bbox 1060 1129 1259 1183; x_wconf 83' lang='lat' dir='ltr'><strong>LXIX.</strong></span> <span class='ocrx_word' id='word_1_25' title='bbox 1285 1157 1359 1168; x_wconf 95' lang='lat'>—</span> <span class='ocrx_word' id='word_1_26' title='bbox 1381 1130 1615 1199; x_wconf 70' lang='lat' dir='ltr'><strong>Impetus</strong></span> <span class='ocrx_word' id='word_1_27' title='bbox 1638 1126 1916 1179; x_wconf 83' lang='lat' dir='ltr'>Gallorum</span> <span class='ocrx_word' id='word_1_28' title='bbox 1937 1136 2255 1195; x_wconf 68' lang='lat' dir='ltr'><strong>spontaneus</strong></span> <span class='ocrx_word' id='word_1_29' title='bbox 2274 1123 2301 1156; x_wconf 66' lang='lat'>⁶</span> <span class='ocrx_word' id='word_1_30' title='bbox 2327 1123 2383 1175; x_wconf 87' lang='lat' dir='ltr'><strong>in</strong></span> <span class='ocrx_word' id='word_1_31' title='bbox 2410 1123 2662 1177; x_wconf 83' lang='lat' dir='ltr'><strong>Ottonem</strong></span> <span class='ocrx_word' id='word_1_32' title='bbox 2676 1124 2731 1179; x_wconf 68' lang='lat'><strong>¹³.</strong></span> 
     </span>
    </p>
   </div>
   <div class='ocr_carea' id='block_1_4' title="bbox 808 1268 2967 2984">
    <p class='ocr_par' dir='ltr' id='par_1_4' title="bbox 808 1268 2967 2887">
     <span class='ocr_line' id='line_1_6' title="bbox 926 1268 2967 1369; baseline -0.002 -21"><span class='ocrx_word' id='word_1_33' title='bbox 926 1278 1091 1349; x_wconf 85' lang='lat' dir='ltr'><strong>Mox</strong></span> <span class='ocrx_word' id='word_1_34' title='bbox 1115 1273 1263 1345; x_wconf 79' lang='lat' dir='ltr'><strong>dux</strong></span> <span class='ocrx_word' id='word_1_35' title='bbox 1300 1288 1368 1346; x_wconf 90' lang='lat' dir='ltr'><strong>et</strong></span> <span class='ocrx_word' id='word_1_36' title='bbox 1403 1272 1518 1344; x_wconf 92' lang='lat' dir='ltr'><strong>alii</strong></span> <span class='ocrx_word' id='word_1_37' title='bbox 1544 1272 1916 1369; x_wconf 80' lang='lat' dir='ltr'><strong>primateS‚</strong></span> <span class='ocrx_word' id='word_1_38' title='bbox 1961 1270 2113 1342; x_wconf 82' lang='lat' dir='ltr'><strong>si&#39;ne</strong></span> <span class='ocrx_word' id='word_1_39' title='bbox 2144 1268 2586 1341; x_wconf 88' lang='lat' dir='ltr'><strong>deliberandi</strong></span> <span class='ocrx_word' id='word_1_40' title='bbox 2615 1270 2967 1343; x_wconf 89' lang='lat' dir='ltr'><strong>consulta-</strong></span> 
     </span>
     <span class='ocr_line' id='line_1_7' title="bbox 830 1382 2966 1483; baseline -0.002 -21"><span class='ocrx_word' id='word_1_41' title='bbox 830 1393 1023 1463; x_wconf 86' lang='lat' dir='ltr'><strong>tione</strong></span> <span class='ocrx_word' id='word_1_42' title='bbox 1042 1444 1060 1477; x_wconf 87' lang='lat'>,</span> <span class='ocrx_word' id='word_1_43' title='bbox 1103 1388 1527 1459; x_wconf 90' lang='lat' dir='ltr'><strong>sententiam</strong></span> <span class='ocrx_word' id='word_1_44' title='bbox 1562 1385 1832 1482; x_wconf 89' lang='lat' dir='ltr'><strong>regiam</strong></span> <span class='ocrx_word' id='word_1_45' title='bbox 1864 1382 2217 1456; x_wconf 88' lang='lat' dir='ltr'><strong>attollunt.</strong></span> <span class='ocrx_word' id='word_1_46' title='bbox 2253 1386 2419 1455; x_wconf 88' lang='lat' dir='ltr'><strong>Sese</strong></span> <span class='ocrx_word' id='word_1_47' title='bbox 2453 1400 2706 1483; x_wconf 89' lang='lat' dir='ltr'><strong>sponte</strong></span> <span class='ocrx_word' id='word_1_48' title='bbox 2741 1386 2966 1459; x_wconf 86' lang='lat' dir='ltr'><strong>ituros</strong></span> 
     </span>
     <span class='ocr_line' id='line_1_8' title="bbox 824 1501 2962 1603; baseline -0.001 -24"><span class='ocrx_word' id='word_1_49' title='bbox 824 1532 993 1580; x_wconf 89' lang='lat' dir='ltr'><strong>cum</strong></span> <span class='ocrx_word' id='word_1_50' title='bbox 1014 1531 1181 1603; x_wconf 85' lang='lat' dir='ltr'><strong>rege</strong></span> <span class='ocrx_word' id='word_1_51' title='bbox 1201 1559 1220 1595; x_wconf 89' lang='lat'>‚</span> <span class='ocrx_word' id='word_1_52' title='bbox 1249 1520 1320 1578; x_wconf 91' lang='lat' dir='ltr'><strong>et</strong></span> <span class='ocrx_word' id='word_1_53' title='bbox 1346 1508 1688 1575; x_wconf 89' lang='lat' dir='ltr'><strong>Ottonem</strong></span> <span class='ocrx_word' id='word_1_54' title='bbox 1716 1518 1838 1574; x_wconf 90' lang='lat' dir='ltr'><strong>aut</strong></span> <span class='ocrx_word' id='word_1_55' title='bbox 1872 1501 2517 1599; x_wconf 81' lang='lat' dir='ltr'><strong>comprehensuros</strong></span> <span class='ocrx_word' id='word_1_56' title='bbox 2535 1556 2554 1593; x_wconf 88' lang='lat'>‚</span> <span class='ocrx_word' id='word_1_57' title='bbox 2595 1518 2717 1574; x_wconf 88' lang='lat' dir='ltr'><strong>aut</strong></span> <span class='ocrx_word' id='word_1_58' title='bbox 2751 1504 2962 1577; x_wconf 89' lang='lat' dir='ltr'><strong>inter-</strong></span> 
     </span>
     <span class='ocr_line' id='line_1_9' title="bbox 825 1615 2960 1716; baseline -0 -24"><span class='ocrx_word' id='word_1_59' title='bbox 825 1623 1134 1695; x_wconf 88' lang='lat' dir='ltr'><strong>fecturos</strong></span> <span class='ocrx_word' id='word_1_60' title='bbox 1158 1674 1177 1710; x_wconf 89' lang='lat'>‚</span> <span class='ocrx_word' id='word_1_61' title='bbox 1234 1632 1358 1690; x_wconf 90' lang='lat' dir='ltr'><strong>aut</strong></span> <span class='ocrx_word' id='word_1_62' title='bbox 1404 1618 1768 1714; x_wconf 86' lang='lat' dir='ltr'><strong>fugaturos</strong></span> <span class='ocrx_word' id='word_1_63' title='bbox 1811 1615 2260 1716; x_wconf 82' lang='lat' dir='ltr'><strong>pollicentur.</strong></span> <span class='ocrx_word' id='word_1_64' title='bbox 2323 1616 2543 1713; x_wconf 85' lang='lat' dir='ltr'><strong>Hujus</strong></span> <span class='ocrx_word' id='word_1_65' title='bbox 2585 1618 2960 1691; x_wconf 88' lang='lat' dir='ltr'><strong>consilium</strong></span> 
     </span>
     <span class='ocr_line' id='line_1_10' title="bbox 820 1731 2960 1836; baseline -0.001 -27"><span class='ocrx_word' id='word_1_66' title='bbox 820 1737 1120 1836; x_wconf 74' lang='lat' dir='ltr'><strong>negotii*</strong></span> <span class='ocrx_word' id='word_1_67' title='bbox 1157 1732 1677 1807; x_wconf 86' lang='lat' dir='ltr'><strong>dissimulatum</strong></span> <span class='ocrx_word' id='word_1_68' title='bbox 1710 1731 1805 1804; x_wconf 88' lang='lat' dir='ltr'><strong>ad</strong></span> <span class='ocrx_word' id='word_1_69' title='bbox 1825 1756 2224 1831; x_wconf 86' lang='lat' dir='ltr'><strong>paucorum</strong></span> <span class='ocrx_word' id='word_1_70' title='bbox 2250 1747 2422 1805; x_wconf 88' lang='lat' dir='ltr'><strong>tunc</strong></span> <span class='ocrx_word' id='word_1_71' title='bbox 2447 1734 2773 1805; x_wconf 83' lang='lat' dir='ltr'><strong>notitiam</strong></span> <span class='ocrx_word' id='word_1_72' title='bbox 2799 1758 2960 1833; x_wconf 86' lang='lat' dir='ltr'><strong>per-</strong></span> 
     </span>
     <span class='ocr_line' id='line_1_11' title="bbox 820 1849 2951 1953; baseline -0.001 -28"><span class='ocrx_word' id='word_1_73' title='bbox 820 1856 1063 1927; x_wconf 89' lang='lat' dir='ltr'><strong>venire</strong></span> <span class='ocrx_word' id='word_1_74' title='bbox 1120 1851 1355 1953; x_wconf 89' lang='lat' dir='ltr'><strong>potuit</strong></span> <span class='ocrx_word' id='word_1_75' title='bbox 1375 1905 1394 1942; x_wconf 89' lang='lat'>‚</span> <span class='ocrx_word' id='word_1_76' title='bbox 1467 1849 1651 1922; x_wconf 88' lang='lat' dir='ltr'><strong>adeo</strong></span> <span class='ocrx_word' id='word_1_77' title='bbox 1710 1864 1794 1920; x_wconf 92' lang='lat' dir='ltr'><strong>ut</strong></span> <span class='ocrx_word' id='word_1_78' title='bbox 1855 1860 2106 1921; x_wconf 87' lang='lat' dir='ltr'><strong>euntes</strong></span> <span class='ocrx_word' id='word_1_79' title='bbox 2169 1852 2518 1946; x_wconf 84' lang='lat' dir='ltr'><strong>quorsum</strong></span> <span class='ocrx_word' id='word_1_80' title='bbox 2577 1851 2951 1922; x_wconf 87' lang='lat' dir='ltr'><strong>nescirent.</strong></span> 
     </span>
     <span class='ocr_line' id='line_1_12' title="bbox 814 1962 2960 2056; baseline -0.001 -15"><span class='ocrx_word' id='word_1_81' title='bbox 814 1969 1134 2043; x_wconf 82' lang='lat' dir='ltr'><strong>Tandem</strong></span> <span class='ocrx_word' id='word_1_82' title='bbox 1178 1966 1515 2039; x_wconf 89' lang='lat' dir='ltr'><strong>collectus</strong></span> <span class='ocrx_word' id='word_1_83' title='bbox 1578 1966 1924 2038; x_wconf 85' lang='lat' dir='ltr'><strong>exercitus</strong></span> <span class='ocrx_word' id='word_1_84' title='bbox 1972 1965 2073 2035; x_wconf 91' lang='lat' dir='ltr'><strong>sic</strong></span> <span class='ocrx_word' id='word_1_85' title='bbox 2124 1964 2385 2037; x_wconf 90' lang='lat' dir='ltr'><strong>densus</strong></span> <span class='ocrx_word' id='word_1_86' title='bbox 2426 1962 2803 2038; x_wconf 81' lang='lat' dir='ltr'><strong>incedebat</strong></span> <span class='ocrx_word' id='word_1_87' title='bbox 2819 2020 2838 2056; x_wconf 88' lang='lat'>‚</span> <span class='ocrx_word' id='word_1_88' title='bbox 2879 1980 2960 2038; x_wconf 87' lang='lat' dir='ltr'><strong>ut</strong></span> 
     </span>
     <span class='ocr_line' id='line_1_13' title="bbox 816 2076 2948 2183; baseline -0.003 -23"><span class='ocrx_word' id='word_1_89' title='bbox 816 2102 1051 2161; x_wconf 88' lang='lat' dir='ltr'><strong>erecta</strong></span> <span class='ocrx_word' id='word_1_90' title='bbox 1082 2085 1364 2157; x_wconf 85' lang='lat' dir='ltr'><strong>hastilia</strong></span> <span class='ocrx_word' id='word_1_91' title='bbox 1388 2084 1631 2155; x_wconf 91' lang='lat' dir='ltr'><strong>lucum</strong></span> <span class='ocrx_word' id='word_1_92' title='bbox 1658 2084 1900 2183; x_wconf 89' lang='lat' dir='ltr'><strong>potius</strong></span> <span class='ocrx_word' id='word_1_93' title='bbox 1922 2106 2142 2178; x_wconf 88' lang='lat' dir='ltr'><strong>quam</strong></span> <span class='ocrx_word' id='word_1_94' title='bbox 2181 2106 2378 2153; x_wconf 86' lang='lat' dir='ltr'><strong>arma</strong></span> <span class='ocrx_word' id='word_1_95' title='bbox 2417 2076 2948 2181; x_wconf 74' lang='lat' dir='ltr'><strong>portenderent.</strong></span> 
     </span>
     <span class='ocr_line' id='line_1_14' title="bbox 818 2199 2955 2302; baseline 0 -26"><span class='ocrx_word' id='word_1_96' title='bbox 818 2205 971 2278; x_wconf 89' lang='lat' dir='ltr'><strong>Ibat</strong></span> <span class='ocrx_word' id='word_1_97' title='bbox 1023 2228 1193 2301; x_wconf 85' lang='lat' dir='ltr'><strong>ergo</strong></span> <span class='ocrx_word' id='word_1_98' title='bbox 1246 2228 1376 2302; x_wconf 88' lang='lat' dir='ltr'><strong>per</strong></span> <span class='ocrx_word' id='word_1_99' title='bbox 1422 2226 1690 2274; x_wconf 90' lang='lat' dir='ltr'><strong>cuneos</strong></span> <span class='ocrx_word' id='word_1_100' title='bbox 1735 2199 2042 2272; x_wconf 90' lang='lat' dir='ltr'><strong>simbolo</strong></span> <span class='ocrx_word' id='word_1_101' title='bbox 2088 2200 2486 2273; x_wconf 88' lang='lat' dir='ltr'><strong>distinctos.</strong></span> <span class='ocrx_word' id='word_1_102' title='bbox 2541 2204 2724 2273; x_wconf 90' lang='lat' dir='ltr'><strong>Cum</strong></span> <span class='ocrx_word' id='word_1_103' title='bbox 2781 2228 2955 2276; x_wconf 80' lang='lat' dir='ltr'><strong>vero</strong></span> 
     </span>
     <span class='ocr_line' id='line_1_15' title="bbox 813 2318 2956 2407; baseline -0 -13"><span class='ocrx_word' id='word_1_104' title='bbox 813 2321 1000 2394; x_wconf 84' lang='lat' dir='ltr'><strong>vada</strong></span> <span class='ocrx_word' id='word_1_105' title='bbox 1048 2324 1261 2393; x_wconf 83' lang='lat' dir='ltr'><strong>Mosae</strong></span> <span class='ocrx_word' id='word_1_106' title='bbox 1298 2319 1849 2391; x_wconf 88' lang='lat' dir='ltr'><strong>transmisissent</strong></span> <span class='ocrx_word' id='word_1_107' title='bbox 1870 2372 1888 2407; x_wconf 91' lang='lat'>‚</span> <span class='ocrx_word' id='word_1_108' title='bbox 1965 2318 2416 2389; x_wconf 87' lang='lat' dir='ltr'><strong>centuriones</strong></span> <span class='ocrx_word' id='word_1_109' title='bbox 2467 2320 2850 2391; x_wconf 87' lang='lat' dir='ltr'><strong>constituti.</strong></span> <span class='ocrx_word' id='word_1_110' title='bbox 2883 2338 2956 2393; x_wconf 89' lang='lat' dir='ltr'><strong>et</strong></span> 
     </span>
     <span class='ocr_line' id='line_1_16' title="bbox 814 2434 2954 2536; baseline 0.001 -26"><span class='ocrx_word' id='word_1_111' title='bbox 814 2438 1135 2536; x_wconf 88' lang='lat' dir='ltr'><strong>dispositi</strong></span> <span class='ocrx_word' id='word_1_112' title='bbox 1208 2461 1341 2535; x_wconf 89' lang='lat' dir='ltr'><strong>per</strong></span> <span class='ocrx_word' id='word_1_113' title='bbox 1418 2436 1772 2507; x_wconf 89' lang='lat' dir='ltr'><strong>centurias</strong></span> <span class='ocrx_word' id='word_1_114' title='bbox 1840 2438 2182 2505; x_wconf 89' lang='lat' dir='ltr'><strong>Ottonem</strong></span> <span class='ocrx_word' id='word_1_115' title='bbox 2265 2460 2414 2506; x_wconf 91' lang='lat' dir='ltr'><strong>non</strong></span> <span class='ocrx_word' id='word_1_116' title='bbox 2486 2434 2954 2512; x_wconf 87' lang='lat' dir='ltr'><strong>sufficientem</strong></span> 
     </span>
     <span class='ocr_line' id='line_1_17' title="bbox 808 2552 2953 2652; baseline 0 -25"><span class='ocrx_word' id='word_1_117' title='bbox 808 2554 1075 2629; x_wconf 88' lang='lat' dir='ltr'><strong>habere</strong></span> <span class='ocrx_word' id='word_1_118' title='bbox 1092 2553 1481 2626; x_wconf 72' lang='lat' dir='ltr'><strong>exercitum</strong></span> <span class='ocrx_word' id='word_1_119' title='bbox 1508 2552 1882 2649; x_wconf 85' lang='lat' dir='ltr'><strong>diligenter</strong></span> <span class='ocrx_word' id='word_1_120' title='bbox 1908 2553 2372 2652; x_wconf 86' lang='lat' dir='ltr'><strong>contemplati</strong></span> <span class='ocrx_word' id='word_1_121' title='bbox 2406 2568 2572 2625; x_wconf 88' lang='lat' dir='ltr'><strong>sunt</strong></span> <span class='ocrx_word' id='word_1_122' title='bbox 2601 2553 2659 2623; x_wconf 82' lang='lat'><strong>².</strong></span> <span class='ocrx_word' id='word_1_123' title='bbox 2708 2560 2953 2652; x_wconf 86' lang='lat' dir='ltr'><strong>Itaque</strong></span> 
     </span>
     <span class='ocr_line' id='line_1_18' title="bbox 813 2669 2952 2771; baseline -0 -25"><span class='ocrx_word' id='word_1_124' title='bbox 813 2670 1285 2762; x_wconf 87' lang='lat' dir='ltr'><strong>accedebant,</strong></span> <span class='ocrx_word' id='word_1_125' title='bbox 1358 2669 1801 2766; x_wconf 88' lang='lat' dir='ltr'><strong>multamque</strong></span> <span class='ocrx_word' id='word_1_126' title='bbox 1849 2669 2169 2767; x_wconf 89' lang='lat' dir='ltr'><strong>inopiam</strong></span> <span class='ocrx_word' id='word_1_127' title='bbox 2221 2670 2324 2742; x_wconf 92' lang='lat' dir='ltr'><strong>rei</strong></span> <span class='ocrx_word' id='word_1_128' title='bbox 2379 2669 2696 2742; x_wconf 84' lang='lat' dir='ltr'><strong>militaris</strong></span> <span class='ocrx_word' id='word_1_129' title='bbox 2759 2670 2952 2771; x_wconf 87' lang='lat' dir='ltr'><strong>apud</strong></span> 
     </span>
     <span class='ocr_line' id='line_1_19' title="bbox 808 2786 1632 2887; baseline -0.006 -25"><span class='ocrx_word' id='word_1_130' title='bbox 808 2790 1091 2862; x_wconf 88' lang='lat' dir='ltr'><strong>hostem</strong></span> <span class='ocrx_word' id='word_1_131' title='bbox 1127 2786 1632 2887; x_wconf 86' lang='lat' dir='ltr'><strong>praedicabaut.</strong></span> 
     </span>
    </p>

    <p class='ocr_par' dir='ltr' id='par_1_5' title="bbox 1795 2929 1965 2984">
     <span class='ocr_line' id='line_1_20' title="bbox 1795 2929 1965 2984; baseline 0 0"><span class='ocrx_word' id='word_1_132' title='bbox 1795 2929 1965 2984; x_wconf 82' lang='lat' dir='ltr'><strong>Lxx.</strong></span> 
     </span>
    </p>
   </div>
   <div class='ocr_carea' id='block_1_5' title="bbox 797 3071 2949 3992">
    <p class='ocr_par' dir='ltr' id='par_1_6' title="bbox 797 3071 2949 3992">
     <span class='ocr_line' id='line_1_21' title="bbox 910 3071 2949 3174; baseline 0 -25"><span class='ocrx_word' id='word_1_133' title='bbox 910 3081 1084 3165; x_wconf 86' lang='lat' dir='ltr'><strong>Quae</strong></span> <span class='ocrx_word' id='word_1_134' title='bbox 1122 3075 1299 3148; x_wconf 88' lang='lat' dir='ltr'><strong>dum</strong></span> <span class='ocrx_word' id='word_1_135' title='bbox 1334 3072 1427 3146; x_wconf 91' lang='lat' dir='ltr'><strong>ad</strong></span> <span class='ocrx_word' id='word_1_136' title='bbox 1462 3096 1673 3144; x_wconf 88' lang='lat' dir='ltr'><strong>aures</strong></span> <span class='ocrx_word' id='word_1_137' title='bbox 1708 3073 1997 3143; x_wconf 88' lang='lat' dir='ltr'><strong>Ottonis</strong></span> <span class='ocrx_word' id='word_1_138' title='bbox 2031 3071 2465 3163; x_wconf 87' lang='lat' dir='ltr'><strong>referuntur,</strong></span> <span class='ocrx_word' id='word_1_139' title='bbox 2515 3072 2657 3163; x_wconf 87' lang='lat' dir='ltr'><strong>ille,</strong></span> <span class='ocrx_word' id='word_1_140' title='bbox 2700 3091 2949 3174; x_wconf 89' lang='lat' dir='ltr'><strong>utpote</strong></span> 
     </span>
     <span class='ocr_line' id='line_1_22' title="bbox 810 3185 2948 3289; baseline -0.001 -22"><span class='ocrx_word' id='word_1_141' title='bbox 810 3209 963 3267; x_wconf 88' lang='lat' dir='ltr'><strong>erat</strong></span> <span class='ocrx_word' id='word_1_142' title='bbox 1002 3185 1257 3268; x_wconf 78' lang='lat' dir='ltr'><strong>audaci</strong></span> <span class='ocrx_word' id='word_1_143' title='bbox 1296 3191 1537 3262; x_wconf 89' lang='lat' dir='ltr'><strong>animo</strong></span> <span class='ocrx_word' id='word_1_144' title='bbox 1555 3243 1575 3280; x_wconf 91' lang='lat'>‚</span> <span class='ocrx_word' id='word_1_145' title='bbox 1629 3188 2046 3260; x_wconf 82' lang='lat' dir='ltr'><strong>L‘otharium</strong></span> <span class='ocrx_word' id='word_1_146' title='bbox 2080 3212 2451 3285; x_wconf 87' lang='lat' dir='ltr'><strong>nunquam</strong></span> <span class='ocrx_word' id='word_1_147' title='bbox 2485 3188 2637 3262; x_wconf 79' lang='lat' dir='ltr'><strong>haec</strong></span> <span class='ocrx_word' id='word_1_148' title='bbox 2673 3216 2948 3289; x_wconf 85' lang='lat' dir='ltr'><strong>aggres-</strong></span> 
     </span>
     <span class='ocr_line' id='line_1_23' title="bbox 810 3304 2946 3410; baseline -0.001 -27"><span class='ocrx_word' id='word_1_149' title='bbox 810 3337 971 3383; x_wconf 89' lang='lat' dir='ltr'><strong>sum</strong></span> <span class='ocrx_word' id='word_1_150' title='bbox 1026 3307 1421 3410; x_wconf 89' lang='lat' dir='ltr'><strong>respondit.</strong></span> <span class='ocrx_word' id='word_1_151' title='bbox 1492 3311 1551 3378; x_wconf 91' lang='lat' dir='ltr'>N</span> <span class='ocrx_word' id='word_1_152' title='bbox 1554 3332 1637 3379; x_wconf 92' lang='lat' dir='ltr'><strong>ec</strong></span> <span class='ocrx_word' id='word_1_153' title='bbox 1700 3331 1869 3378; x_wconf 90' lang='lat' dir='ltr'><strong>vero</strong></span> <span class='ocrx_word' id='word_1_154' title='bbox 1928 3307 2002 3376; x_wconf 92' lang='lat' dir='ltr'><strong>in</strong></span> <span class='ocrx_word' id='word_1_155' title='bbox 2055 3329 2216 3376; x_wconf 90' lang='lat' dir='ltr'><strong>suas</strong></span> <span class='ocrx_word' id='word_1_156' title='bbox 2272 3319 2505 3403; x_wconf 85' lang='lat' dir='ltr'><strong>partes</strong></span> <span class='ocrx_word' id='word_1_157' title='bbox 2565 3304 2946 3382; x_wconf 87' lang='lat' dir='ltr'><strong>adventare</strong></span> 
     </span>
     <span class='ocr_line' id='line_1_24' title="bbox 806 3421 2947 3528; baseline -0.001 -27"><span class='ocrx_word' id='word_1_158' title='bbox 806 3429 1148 3528; x_wconf 87' lang='lat' dir='ltr'><strong>potuisse,</strong></span> <span class='ocrx_word' id='word_1_159' title='bbox 1180 3451 1347 3499; x_wconf 91' lang='lat' dir='ltr'><strong>cum</strong></span> <span class='ocrx_word' id='word_1_160' title='bbox 1388 3449 1522 3496; x_wconf 93' lang='lat' dir='ltr'><strong>nec</strong></span> <span class='ocrx_word' id='word_1_161' title='bbox 1559 3424 1623 3496; x_wconf 90' lang='lat' dir='ltr'><strong>ei</strong></span> <span class='ocrx_word' id='word_1_162' title='bbox 1650 3423 1859 3523; x_wconf 91' lang='lat' dir='ltr'><strong>copia</strong></span> <span class='ocrx_word' id='word_1_163' title='bbox 1903 3422 2206 3494; x_wconf 86' lang='lat' dir='ltr'><strong>militum</strong></span> <span class='ocrx_word' id='word_1_164' title='bbox 2251 3421 2634 3514; x_wconf 86' lang='lat' dir='ltr'><strong>sufficeret,</strong></span> <span class='ocrx_word' id='word_1_165' title='bbox 2685 3450 2820 3497; x_wconf 86' lang='lat' dir='ltr'><strong>nec</strong></span> <span class='ocrx_word' id='word_1_166' title='bbox 2856 3424 2947 3498; x_wconf 91' lang='lat' dir='ltr'><strong>de</strong></span> 
     </span>
     <span class='ocr_line' id='line_1_25' title="bbox 804 3539 2945 3644; baseline -0.001 -27"><span class='ocrx_word' id='word_1_167' title='bbox 804 3546 949 3636; x_wconf 83' lang='lat' dir='ltr'><strong>suis</strong></span> <span class='ocrx_word' id='word_1_168' title='bbox 976 3545 1140 3617; x_wconf 89' lang='lat' dir='ltr'><strong>satis</strong></span> <span class='ocrx_word' id='word_1_169' title='bbox 1167 3543 1317 3644; x_wconf 90' lang='lat' dir='ltr'><strong>spei</strong></span> <span class='ocrx_word' id='word_1_170' title='bbox 1342 3541 1660 3615; x_wconf 88' lang='lat' dir='ltr'><strong>haberet.</strong></span> <span class='ocrx_word' id='word_1_171' title='bbox 1694 3544 1781 3612; x_wconf 83' lang='lat' dir='ltr'><strong>At</strong></span> <span class='ocrx_word' id='word_1_172' title='bbox 1804 3561 1972 3612; x_wconf 90' lang='lat' dir='ltr'><strong>cum</strong></span> <span class='ocrx_word' id='word_1_173' title='bbox 2005 3539 2119 3611; x_wconf 87' lang='lat' dir='ltr'><strong>alii</strong></span> <span class='ocrx_word' id='word_1_174' title='bbox 2154 3554 2366 3637; x_wconf 88' lang='lat' dir='ltr'><strong>atque</strong></span> <span class='ocrx_word' id='word_1_175' title='bbox 2399 3539 2515 3611; x_wconf 88' lang='lat' dir='ltr'><strong>alii</strong></span> <span class='ocrx_word' id='word_1_176' title='bbox 2533 3541 2945 3622; x_wconf 87' lang='lat' dir='ltr'><strong>Lotharium</strong></span> 
     </span>
     <span class='ocr_line' id='line_1_26' title="bbox 797 3658 2944 3760; baseline -0.001 -25"><span class='ocrx_word' id='word_1_177' title='bbox 797 3663 947 3760; x_wconf 85' lang='lat' dir='ltr'><strong>jam</strong></span> <span class='ocrx_word' id='word_1_178' title='bbox 1020 3661 1265 3736; x_wconf 90' lang='lat' dir='ltr'><strong>adesse</strong></span> <span class='ocrx_word' id='word_1_179' title='bbox 1315 3659 1634 3732; x_wconf 89' lang='lat' dir='ltr'><strong>dicerent</strong></span> <span class='ocrx_word' id='word_1_180' title='bbox 1663 3711 1682 3748; x_wconf 88' lang='lat'>,</span> <span class='ocrx_word' id='word_1_181' title='bbox 1745 3673 1818 3730; x_wconf 89' lang='lat' dir='ltr'><strong>et</strong></span> <span class='ocrx_word' id='word_1_182' title='bbox 1868 3658 1941 3729; x_wconf 92' lang='lat' dir='ltr'><strong>in</strong></span> <span class='ocrx_word' id='word_1_183' title='bbox 1991 3682 2079 3732; x_wconf 89' lang='lat' dir='ltr'><strong>eo</strong></span> <span class='ocrx_word' id='word_1_184' title='bbox 2138 3673 2702 3757; x_wconf 82' lang='lat' dir='ltr'><strong>perseverarent,</strong></span> <span class='ocrx_word' id='word_1_185' title='bbox 2772 3664 2944 3733; x_wconf 89' lang='lat' dir='ltr'><strong>Otto</strong></span> 
     </span>
     <span class='ocr_line' id='line_1_27' title="bbox 804 3772 2945 3874; baseline -0 -25"><span class='ocrx_word' id='word_1_186' title='bbox 804 3777 1061 3851; x_wconf 80' lang='lat' dir='ltr'><strong>dixisse</strong></span> <span class='ocrx_word' id='word_1_187' title='bbox 1103 3777 1320 3851; x_wconf 89' lang='lat' dir='ltr'><strong>fertur</strong></span> <span class='ocrx_word' id='word_1_188' title='bbox 1358 3801 1435 3848; x_wconf 91' lang='lat' dir='ltr'><strong>se</strong></span> <span class='ocrx_word' id='word_1_189' title='bbox 1470 3775 1565 3848; x_wconf 88' lang='lat' dir='ltr'><strong>ad</strong></span> <span class='ocrx_word' id='word_1_190' title='bbox 1596 3773 1709 3845; x_wconf 86' lang='lat' dir='ltr'><strong>his</strong></span> <span class='ocrx_word' id='word_1_191' title='bbox 1745 3772 2194 3846; x_wconf 77' lang='lat' dir='ltr'><strong>‘credendum</strong></span> <span class='ocrx_word' id='word_1_192' title='bbox 2236 3773 2440 3844; x_wconf 89' lang='lat' dir='ltr'><strong>nullo</strong></span> <span class='ocrx_word' id='word_1_193' title='bbox 2477 3774 2702 3846; x_wconf 91' lang='lat' dir='ltr'><strong>modo</strong></span> <span class='ocrx_word' id='word_1_194' title='bbox 2736 3801 2945 3874; x_wconf 89' lang='lat' dir='ltr'><strong>posse</strong></span> 
     </span>
     <span class='ocr_line' id='line_1_28' title="bbox 802 3890 2933 3992; baseline -0.001 -25"><span class='ocrx_word' id='word_1_195' title='bbox 802 3895 987 3967; x_wconf 87' lang='lat' dir='ltr'><strong>allici</strong></span> <span class='ocrx_word' id='word_1_196' title='bbox 1006 3949 1025 3984; x_wconf 90' lang='lat'>,</span> <span class='ocrx_word' id='word_1_197' title='bbox 1070 3895 1205 3966; x_wconf 85' lang='lat' dir='ltr'><strong>nisi</strong></span> <span class='ocrx_word' id='word_1_198' title='bbox 1253 3894 1401 3992; x_wconf 86' lang='lat' dir='ltr'><strong>ipse</strong></span> <span class='ocrx_word' id='word_1_199' title='bbox 1446 3911 1740 3990; x_wconf 88' lang='lat' dir='ltr'><strong>quoque</strong></span> <span class='ocrx_word' id='word_1_200' title='bbox 1773 3890 2088 3963; x_wconf 80' lang='lat' dir='ltr'><strong>videndo</strong></span> <span class='ocrx_word' id='word_1_201' title='bbox 2138 3915 2268 3988; x_wconf 89' lang='lat' dir='ltr'><strong>per</strong></span> <span class='ocrx_word' id='word_1_202' title='bbox 2315 3915 2467 3962; x_wconf 88' lang='lat' dir='ltr'><strong>sese</strong></span> <span class='ocrx_word' id='word_1_203' title='bbox 2515 3890 2933 3964; x_wconf 88' lang='lat' dir='ltr'><strong>addisceret.</strong></span> 
     </span>
    </p>
   </div>
   <div class='ocr_carea' id='block_1_6' title="bbox 866 4129 1731 4198">
    <p class='ocr_par' dir='ltr' id='par_1_7' title="bbox 866 4129 1731 4198">
     <span class='ocr_line' id='line_1_29' title="bbox 866 4129 1731 4198; baseline -0.003 -14"><span class='ocrx_word' id='word_1_204' title='bbox 866 4135 899 4166; x_wconf 68' lang='lat'><strong>⁴*</strong></span> <span class='ocrx_word' id='word_1_205' title='bbox 934 4145 1216 4198; x_wconf 73' lang='lat' dir='ltr'><strong>cataneus,</strong></span> <span class='ocrx_word' id='word_1_206' title='bbox 1240 4130 1493 4184; x_wconf 78' lang='lat' dir='ltr'><strong>ottonem</strong></span> <span class='ocrx_word' id='word_1_207' title='bbox 1522 4129 1731 4182; x_wconf 77' lang='lat' dir='ltr'><strong>abscisa.</strong></span> 
     </span>
    </p>
   </div>
   <div class='ocr_carea' id='block_1_7' title="bbox 861 4211 2464 4358">
    <p class='ocr_par' dir='ltr' id='par_1_8' title="bbox 861 4211 2464 4358">
     <span class='ocr_line' id='line_1_30' title="bbox 877 4211 2464 4285; baseline -0.004 -15"><span class='ocrx_word' id='word_1_208' title='bbox 877 4219 891 4246; x_wconf 84' lang='lat'><strong>¹</strong></span> <span class='ocrx_word' id='word_1_209' title='bbox 932 4237 990 4270; x_wconf 88' lang='lat' dir='ltr'><strong>n.</strong></span> <span class='ocrx_word' id='word_1_210' title='bbox 1019 4228 1244 4270; x_wconf 79' lang='lat' dir='ltr'><strong>tractant</strong></span> <span class='ocrx_word' id='word_1_211' title='bbox 1265 4229 1423 4285; x_wconf 84' lang='lat' dir='ltr'><strong>atque</strong></span> <span class='ocrx_word' id='word_1_212' title='bbox 1456 4213 1707 4268; x_wconf 84' lang='lat' dir='ltr'><strong>ordinant</strong></span> <span class='ocrx_word' id='word_1_213' title='bbox 1726 4213 1866 4276; x_wconf 77' lang='lat' dir='ltr'><strong>Galli</strong></span> <span class='ocrx_word' id='word_1_214' title='bbox 1892 4213 2068 4267; x_wconf 64' lang='lat' dir='ltr'><strong>celte.</strong></span> <span class='ocrx_word' id='word_1_215' title='bbox 2098 4211 2258 4278; x_wconf 88' lang='lat' dir='ltr'><strong>Quod</strong></span> <span class='ocrx_word' id='word_1_216' title='bbox 2283 4211 2464 4265; x_wconf 79' lang='lat' dir='ltr'><strong>deleta.</strong></span> 
     </span>
     <span class='ocr_line' id='line_1_31' title="bbox 861 4299 1557 4358; baseline -0.009 1"><span class='ocrx_word' id='word_1_217' title='bbox 861 4309 885 4340; x_wconf 77' lang='lat'><strong>¹</strong></span> <span class='ocrx_word' id='word_1_218' title='bbox 921 4325 963 4358; x_wconf 69' lang='grc' dir='ltr'><strong>ε.</strong></span> <span class='ocrx_word' id='word_1_219' title='bbox 992 4300 1281 4357; x_wconf 82' lang='lat' dir='ltr'><strong>Centuriati</strong></span> <span class='ocrx_word' id='word_1_220' title='bbox 1306 4300 1343 4351; x_wconf 88' lang='lat' dir='ltr'><strong>i.</strong></span> <span class='ocrx_word' id='word_1_221' title='bbox 1375 4299 1557 4353; x_wconf 78' lang='lat' dir='ltr'><strong>deleta.</strong></span> 
     </span>
    </p>
   </div>
  </div>
 </body>
</html>
