3459 5375
914 560 1031 625 154
1626 560 1960 623 RICHERI
2004 559 2156 621 LIB.
2205 560 2316 621 IV.

1951 751 2025 803 X.

1004 910 1391 1003 Postquam
1426 904 1727 977 Kar-olus
1779 902 1998 977 finem
2047 903 2509 1003 querimoniae
2543 903 2740 997 fecit,
2788 920 3052 987 metro-

906 1022 1265 1125 politanus
1299 1022 1542 1095 animo
1594 1022 1947 1095 immobili
1979 1023 1998 1061 ¹
2045 1024 2424 1122 persistens
2441 1077 2462 1115 ,
2528 1048 2757 1125 pauca
2807 1022 3056 1096 admo-

907 1137 1085 1209 dum
1142 1140 1208 1210 ei
1264 1136 1634 1237 respondit
1676 1166 1693 1208 :
1753 1168 1792 1207 «
1843 1142 2024 1209 Cum
2073 1166 2106 1207 υ
2147 1138 2474 1235 inquiens
2535 1166 2570 1206 r<
2624 1137 2924 1237 perjuris
2985 1154 3061 1211 et

913 1286 949 1323 «
992 1255 1343 1351 sacrilegis
1360 1308 1379 1346 ‚
1438 1254 1734 1352 aliisque
1779 1254 2064 1327 nefariis
2122 1254 2536 1327 hominibus
2583 1254 2734 1353 ipse
2775 1268 3060 1354 semper

914 1398 950 1437 α
994 1369 1277 1444 deditus
1303 1370 1516 1443 fueris
1532 1425 1551 1461 ‚
1586 1394 1721 1443 nec
1747 1370 1841 1447 ab
1865 1372 1968 1443 eis
1993 1369 2230 1444 adhuc
2254 1371 2618 1445 discedere
2637 1372 2810 1445 velis
2829 1427 2848 1463 ‚
2878 1397 3062 1470 quo-

914 1516 949 1553 «
991 1488 1216 1558 modo
1250 1512 1381 1589 per
1406 1486 1577 1560 tales
1604 1502 1675 1559 et
1708 1512 1879 1559 cum
1903 1488 2160 1560 talibus
2195 1489 2287 1560 ad
2313 1488 2789 1589 principatum
2815 1489 3065 1561 venire

912 1618 965 1673 «'
992 1602 1317 1675 moliris?
1354 1632 1390 1671 »
1434 1603 1539 1675 Ad
1580 1602 1734 1675 haec
1768 1604 2033 1676 Kar-olo
2076 1604 2556 1704 respondente
2582 1660 2601 1696 ‚
2645 1631 2798 1677 non
2847 1631 3062 1704 opor-

912 1736 1058 1792 tere
1092 1745 1244 1793 sese
1305 1746 1473 1792 suos
1530 1721 1856 1793 deserere
1879 1775 1899 1813 ,
1953 1721 2081 1794 sed
2125 1726 2362 1821 potius
2413 1722 2588 1795 alios
2641 1724 3013 1821 adquirere
3033 1778 3054 1812 ‚

910 1829 1288 1939 episcopus
1313 1838 1501 1909 intra
1526 1861 1602 1909 se
1638 1837 2115 1935 recogitabat:
2151 1868 2188 1907 «
2214 1843 2396 1911 Cum
2428 1868 2464 1907 υ
2492 1840 2823 1937 inquiens
2849 1870 2885 1909 α
2914 1866 3062 1913 om-

914 1986 951 2026 «
994 1956 1198 2027 nium
1232 1954 1657 2053 dignitatum
1692 1980 1889 2026 nunc
1923 1980 2171 2053 egens,
2215 1958 2450 2054 pravis
2495 1956 2899 2055 quibusque
2933 1982 3060 2029 an·
3177 1974 3181 1977 ’

917 2101 950 2141 «
996 2079 1223 2144 nexus
1254 2086 1385 2161 est,
1416 2096 1731 2169 quorum
1757 2072 2080 2161 sotietate
2115 2072 2315 2143 nullo
2351 2072 2574 2145 modo
2602 2096 2842 2144 carere
2866 2072 3054 2163 vult,

812 2178 817 2183 ⁸
918 2218 954 2257 «
974 2184 977 2189 ’
994 2190 1069 2260 in
1094 2204 1435 2286 quantam
1464 2188 1840 2287 pernitiem
1865 2187 2228 2263 bonorum
2263 2204 2478 2278 esset,
2519 2191 2578 2259 si
2611 2186 2876 2259 electus
2895 2212 3058 2285 pro-

916 2334 956 2372 «
998 2304 1284 2378 cederet
1312 2307 1388 2377 in
1412 2302 1665 2377 fasces!
1696 2305 2080 2377 ›vTandem
2105 2306 2256 2377 sine
2276 2305 2682 2403 principum
2706 2298 3064 2376 consensu·

917 2444 994 2493 se
1029 2446 1243 2523 super
1277 2422 1419 2494 hoc
1459 2420 1632 2493 nihil
1670 2420 2022 2529 facturum
2063 2420 2505 2522 respondens
2524 2478 2543 2513 ,
2581 2420 2673 2493 ab
2705 2446 2795 2495 eo
2831 2420 3061 2493 dimo-

916 2552 1027 2611 tus
1064 2555 1192 2612 est.-

1368 2732 1469 2820 XI.
1495 2732 1768 2785 ——Oratio
1790 2733 1824 2767 *
1845 2731 2237 2804 metropolitani
2260 2735 2292 2768 ⁵
2319 2749 2420 2803 pro
2446 2729 2600 2784 duce.
2655 2739 2660 2744 '

1012 2886 1315 2958 Karolus
1350 2877 1476 2987 spe
1511 2888 1712 2984 regni
1746 2885 2083 2967 decidens
2097 2939 2116 2977 ‚
2159 2886 2402 2958 animo
2429 2883 2716 2956 turbato
2741 2885 2871 2976 ,‘in
2908 2883 3062 2956 Bel·

915 3005 1147 3101 gicam
1182 3005 1315 3076 iter
1349 3003 1691 3076 dimovit.·
1721 3009 2046 3076 Preterea
2079 3018 2405 3100 tempore
2439 2994 2825 3074 constituto
2841 3055 2862 3092 ,
2903 3001 3066 3074 Gal-

914 3121 1172 3194 liarum
1196 3121 1553 3221 principes
1580 3121 1799 3218 jurati
1820 3175 1840 3211 ,
1869 3120 2242 3192 silvanecti
2269 3119 2548 3192 collecti
2571 3134 2762 3208 sunt.
2787 3115 3068 3208 Quibus

912 3237 989 3310 in
1026 3239 1224 3308 curia
1267 3236 1780 3328 residentibus,
1813 3237 1996 3309 duce
2042 3250 2402 3336 annuente
2422 3290 2442 3326 ,
2463 3235 3067 3335 'metropolitanus

908 3354 1009 3426 sic
1032 3343 1313 3427 locutus
1340 3334 1445 3427 est
1472 3383 1488 3426 :
1524 3383 1563 3424 «
1588 3355 1784 3426 Divae
1809 3341 2172 3426 memoriae
2197 3352 2223 3390 ²
2256 3343 2620 3424 Ludovico
2648 3353 2802 3424 sine
2825 3351 3066 3423 liberis

922 3503 957 3541 α
1000 3473 1159 3546 orbi
1216 3473 1242 3510 ³
1310 3473 1674 3546 subtracto
1694 3529 1713 3565 ‚
1777 3471 2228 3572 querendum
2281 3471 2506 3544 multa
2558 3471 3065 3544 deliberatione

922 3624 960 3664 «
1002 3596 1132 3690 suit
1156 3596 1283 3694 qui
1318 3585 1468 3692 ejus
1491 3597 1680 3669 vices
1706 3597 1781 3668 in
1807 3583 2030 3694 regno
2052 3593 2414 3695 suppleret
2430 3649 2448 3686 ‚
2478 3620 2570 3666 ne
2597 3619 2711 3666 res
2737 3592 3022 3694 publica
3039 3646 3060 3684 ‚

922 3741 961 3782 c<
1000 3713 1269 3812 absque
1308 3714 1784 3817 gubernatore
1831 3714 2152 3812 neglecta
2176 3768 2195 3806 ,
2250 3696 2811 3786 labefactaretur.
2861 3708 3072 3784 Unde

922 3859 960 3898 «
1000 3847 1074 3903 et
1098 3828 1521 3930 ,hujusmodi
1556 3831 1922 3931 negotium
1949 3858 2179 3932 nuper
2205 3830 2446 3906 diferri
2481 3830 2652 3904 utile
2695 3829 3028 3904 duximus
3043 3883 3066 3919 ‚

990 4075 1021 4109 ’ἓ
1058 4073 1156 4138 Or,
1182 4091 1255 4145 po
1284 4073 1496 4126 abscisa.
1582 4090 1585 4098 ·

990 4160 1005 4190 ¹
1046 4158 1310 4212 obstinato
1332 4177 1479 4231 supra
1496 4161 1663 4230 posito
1692 4161 1774 4214 vel
1809 4159 2070 4216 immobili
2098 4158 2272 4212 codex.

988 4245 1013 4276 ⁸
1050 4243 1119 4302 D.
1158 4245 1239 4296 M.
1266 4243 1381 4295 cod.
1502 4278 1507 4286 ·

990 4330 1011 4360 ³
1048 4329 1114 4380 ab
1138 4329 1238 4382 hac
1262 4330 1368 4382 vita
1394 4348 1517 4382 corr.
1556 4329 1695 4381 orbi.
