3459 5375
929 568 1047 629 288
1520 512 1525 521 ¹
1561 532 1585 539 ”
1660 560 1992 622 mcnmu
2036 558 2186 622 ms.
2235 559 2344 620 Ν.

936 729 970 767 α
1001 701 1199 769 Hanc
1242 698 1452 769 etiam
1505 695 2082 783 collocutionem,
2113 694 2472 791 utrimque
2517 692 2888 766 utillimam
2919 694 3071 767 fieri

936 844 971 885 «
1005 813 1316 904 dicebas,
1356 836 1522 885 cum
1546 813 1683 885 hos
1707 826 1779 883 et
1813 810 2017 900 illum
2042 808 2136 883 de
2161 809 2666 883 communibus
2692 826 2766 883 et
2785 812 3072 911 privatis

927 960 976 1009 ,κ
1007 929 1435 1003 familiariter
1468 930 1944 1001 collocuturos
1979 927 2379 999 simulabas.
2423 930 2689 999 Verum
2712 927 2916 1000 aliter
2945 928 3070 999 tibi

936 1076 971 1115 α
1003 1048 1232 1119 visum
1266 1061 1438 1133 erat,
1489 1070 1653 1117 cum
1688 1046 1831 1117 hoc
1869 1043 2034 1117 ideo
2076 1042 2564 1141 praetendebas
2589 1044 2645 1135 ¹,
2699 1058 2778 1117 ut
2817 1042 2910 1116 ab
2945 1049 3070 1118 Ot-

830 1206 835 1213 ·
940 1194 978 1232 α
1005 1179 1175 1237 tone
1207 1188 1371 1260 rege
1408 1162 1744 1235 dominos
1784 1175 1943 1232 tuos
1981 1184 2181 1259 reges
2209 1158 2725 1257 comprehendi
2775 1162 3064 1251 faceres,

938 1311 973 1348 «
1008 1302 1448 1377 regnumque
1492 1268 1927 1349 Francorum
1981 1272 2054 1348 in
2099 1276 2216 1373 jus
2259 1270 2447 1348 illius
2500 1276 3027 1349 transfunderes
3047 1333 3066 1369 ,

939 1426 973 1463 «
1007 1411 1086 1468 ut
1113 1410 1187 1466 tu
1239 1394 1566 1466 videlicet
1602 1397 1989 1465 Remorum
2029 1386 2644 1491 metropolitanus,
2700 1392 2864 1464 Odo
2900 1416 3070 1467 vero

938 1542 977 1582 ε(
1004 1518 1437 1584 Francorum
1462 1510 1609 1582 dux
1643 1508 2048 1581 haberetur.
2082 1508 2306 1605 quue
2328 1523 2501 1581 tunc
2535 1510 2744 1581 nobis
2773 1509 3071 1582 omnino

938 1657 975 1695 α
1003 1626 1253 1726 patuit,
1286 1624 1413 1698 sed
1436 1624 1528 1696 ad
1555 1640 1839 1723 tempus
1873 1648 2335 1723 suppressum
2363 1623 2513 1696 fuit.
2545 1629 2659 1716 Et,
2700 1649 2746 1696 o
2781 1650 3076 1698 summae

938 1772 977 1812 α
1003 1742 1401 1815 Divinitatis
1442 1742 1968 1814 miserationem
1998 1736 2585 1813 inestimabilem!
2627 1742 2912 1838 quantis
2947 1744 3075 1812 mi-

939 1890 978 1929 «
1002 1860 1199 1933 seriis
1241 1860 1489 1956 erepti,
1526 1872 1797 1955 quanto
1832 1854 2147 1928 ludibrio
2179 1855 2518 1929 subtracti
2538 1854 2814 1928 sumus!
2861 1861 3077 1929 lnstat

936 2008 975 2047 «
1006 1992 1286 2075 tempus
1311 2000 1459 2074 quo
1486 1988 1746 2075 paratae
1768 1974 2034 2046 insidiae
2071 1973 2400 2046 effectum
2427 1974 2875 2073 promittunt.
2921 1976 3079 2074 Epi·

940 2124 980 2163 «
1004 2094 1202 2192 scopi
1234 2095 1524 2183 etenim,
1553 2092 1686 2165 sub
1704 2092 1938 2190 specie
1961 2090 2318 2188 religionis
2345 2092 2488 2163 acsi
2506 2091 2597 2163 de
2621 2092 3076 2188 promotione

942 2240 979 2279 r«
1009 2227 1078 2283 et
1118 2210 1565 2283 abdicatione
1608 2208 1936 2283 Gerberti
1981 2223 2198 2306 atque
2221 2284 2230 2293 ,
2256 2207 2526 2280 Amulfi
2579 2210 3074 2309 episcoporum

940 2360 979 2398 <c
1008 2330 1391 2428 quaesituri,
1430 2328 1808 2426 praemissis
1843 2325 2088 2423 legatis
2120 2324 2532 2399 adveniunt.
2577 2328 2749 2397 Otto
2783 2351 3074 2424 quoque

943 2475 981 2514 «
1008 2470 1129 2518 rex
1174 2446 1370 2517 Metti
1405 2444 1636 2532 adest;
1671 2468 1714 2515 a
1739 2466 1888 2541 quo
1914 2466 2063 2514 non
2099 2441 2311 2540 longe
2354 2442 2696 2515 exercitus
2740 2442 3074 2516 collectus

942 2590 981 2630 α
1007 2560 1451 2660 praedicatu'r.
1498 2561 1570 2630 Si
1609 2584 1782 2631 vero
1823 2560 2033 2648 imuS,
2066 2574 2187 2631 aut
2231 2559 2731 2657 pugnabimuS,
2785 2574 2910 2631 aut
2961 2586 3072 2632 ca·

940 2709 978 2748 «
1012 2678 1311 2777 piemur.
1357 2678 1429 2748 Si
1468 2701 1640 2749 vero
1681 2703 1832 2749 non
1878 2677 2090 2768 imuS,
2141 2676 2431 2776 perjurii
2480 2701 2880 2774 arguemur.
2935 2678 3072 2750 Sed

944 2796 1110 2867 «ire
1138 2819 1335 2892 reges
1382 2819 1532 2865 non
1569 2792 1880 2892 expedit,
1928 2819 2016 2866 eo
2053 2793 2250 2891 quod
2287 2794 2588 2865 militum
2632 2795 2839 2893 copia
2872 2793 3064 2865 suffi-

944 2939 982 2978 α
1014 2911 1205 2981 ciens
1232 2909 1335 2980 eis
1361 2934 1507 2980 non
1546 2909 1657 2980 sit.
1702 2908 1998 3005 Perjurii
2022 2935 2194 2982 vero
2225 2925 2458 2982 reatus
2499 2911 2570 2982 in
2611 2925 2678 2982 te
2713 2909 3066 2984 redunda-

944 3057 979 3094 «
1012 3025 1141 3115 bit,
1175 3050 1337 3097 cum
1366 3040 1441 3097 tu
1467 3024 1693 3116 soluS,
1730 3026 2012 3122 regibus
2043 3027 2334 3117 nesciis,
2370 3027 2644 3121 juratus
2679 3027 2794 3098 sis.
2830 3057 2888 3128 »ν

1877 3235 2134 3288 XCVIII.

1027 3400 1135 3472 Ad
1158 3399 1309 3472 haec
1332 3401 1705 3499 episcopus
1745 3399 2192 3490 erubescenS,
2223 3399 2601 3473 obmutuit.
2643 3405 2878 3489 Quem
2901 3426 3064 3473 cum

936 3539 1123 3586 unus
1144 3539 1441 3586 suorum
1474 3515 1587 3587 bis
1620 3517 2028 3586 exterritum
2063 3514 2264 3604 vidit,
2317 3529 2570 3587 contra
2602 3513 2753 3588 haec
2777 3541 3064 3614 respon-

932 3655 1141 3701 surus
1175 3631 1497 3718 surrexit,
1538 3645 1609 3702 et
1644 3632 1746 3702 sic
1781 3630 2270 3704 oblocutorem
2319 3631 2616 3702 adorsus
2649 3647 2756 3704 est
2791 3661 2808 3703 ε
2855 3661 2894 3700 t<
2924 3639 3062 3704 Ho-

941 3777 975 3814 κ
1004 3773 1168 3819 rum
1224 3750 1550 3819 omnium
1594 3747 1918 3844 objector
1970 3746 2144 3818 mihi
2187 3747 2543 3844 loquatur.
2613 3747 2878 3820 Adsum
2937 3751 3061 3846 qui

938 3893 977 3932 t<
1005 3889 1137 3962 pro
1194 3865 1563 3936 criminato
1614 3866 1962 3936 rationem
2024 3863 2276 3936 reddo.
2347 3869 2544 3936 Unus
2585 3879 2860 3937 tantum
2912 3865 3060 3938 haec

937 4009 973 4048 «
1005 3981 1338 4079 proferat.
1407 3984 1639 4079 Caput
1691 4005 1982 4078 quoque
2027 4006 2236 4053 suum
2285 4004 2446 4052 meo
2483 3981 2808 4077 objiciat,
2864 4006 3055 4054 arma

934 4125 970 4165 α
998 4121 1287 4194 quoque
1314 4097 1525 4170 armis
1555 4110 1942 4197 comparet.
1981 4101 2273 4170 Necnon
2296 4113 2366 4170 et
2389 4097 2573 4170 vires
2597 4097 2863 4169 viribus
2889 4123 3054 4170 con-

1002 4327 1019 4358 ⁸
1050 4327 1376 4397 praetndebas
1402 4327 1573 4379 codex.
