<?xml version="1.0" encoding="UTF-8"?>
<!DOCTYPE html PUBLIC "-//W3C//DTD XHTML 1.0 Transitional//EN"
    "http://www.w3.org/TR/xhtml1/DTD/xhtml1-transitional.dtd">
<html xmlns="http://www.w3.org/1999/xhtml" xml:lang="en" lang="en">
 <head>
  <title>
</title>
<meta http-equiv="Content-Type" content="text/html;charset=utf-8" />
  <meta name='ocr-system' content='tesseract 3.04.00' />
  <meta name='ocr-capabilities' content='ocr_page ocr_carea ocr_par ocr_line ocrx_word'/>
</head>
<body>
  <div class='ocr_page' id='page_1' title='image "./richerhistoired03parigoog_0220.png"; bbox 0 0 3459 5375; ppageno 0'>
   <div class='ocr_carea' id='block_1_1' title="bbox 911 487 2307 568">
    <p class='ocr_par' dir='ltr' id='par_1_1' title="bbox 911 487 2307 568">
     <span class='ocr_line' id='line_1_1' title="bbox 911 487 2307 568; baseline -0.004 0"><span class='ocrx_word' id='word_1_1' title='bbox 911 507 1032 568; x_wconf 76' lang='lat'><strong>208</strong></span> <span class='ocrx_word' id='word_1_2' title='bbox 1503 487 1512 496; x_wconf 84' lang='lat'><em>&#39;</em></span> <span class='ocrx_word' id='word_1_3' title='bbox 1627 503 1959 565; x_wconf 67' lang='lat' dir='ltr'><strong>menam</strong></span> <span class='ocrx_word' id='word_1_4' title='bbox 2002 504 2153 567; x_wconf 74' lang='lat' dir='ltr'><strong>mn.</strong></span> <span class='ocrx_word' id='word_1_5' title='bbox 2202 505 2307 563; x_wconf 80' lang='grc' dir='ltr'><strong>ιν.</strong></span> 
     </span>
    </p>
   </div>
   <div class='ocr_carea' id='block_1_2' title="bbox 911 634 3071 3087">
    <p class='ocr_par' dir='ltr' id='par_1_2' title="bbox 911 634 3071 3087">
     <span class='ocr_line' id='line_1_2' title="bbox 911 634 3055 735; baseline 0.001 -24"><span class='ocrx_word' id='word_1_6' title='bbox 911 636 1378 711; x_wconf 82' lang='lat' dir='ltr'><strong>simulationis</strong></span> <span class='ocrx_word' id='word_1_7' title='bbox 1409 634 1652 708; x_wconf 88' lang='lat' dir='ltr'><strong>colore</strong></span> <span class='ocrx_word' id='word_1_8' title='bbox 1674 637 2060 709; x_wconf 82' lang='lat' dir='ltr'><strong>obvelaret.</strong></span> <span class='ocrx_word' id='word_1_9' title='bbox 2088 636 2295 708; x_wconf 88' lang='lat' dir='ltr'>Unde</span> <span class='ocrx_word' id='word_1_10' title='bbox 2320 661 2488 708; x_wconf 88' lang='lat' dir='ltr'><strong>cum</strong></span> <span class='ocrx_word' id='word_1_11' title='bbox 2510 652 2722 710; x_wconf 90' lang='lat' dir='ltr'><strong>nocte</strong></span> <span class='ocrx_word' id='word_1_12' title='bbox 2746 639 3055 735; x_wconf 88' lang='lat' dir='ltr'><strong>quadam</strong></span> 
     </span>
     <span class='ocr_line' id='line_1_3' title="bbox 914 753 3055 843; baseline 0.001 -17"><span class='ocrx_word' id='word_1_13' title='bbox 914 758 1101 828; x_wconf 89' lang='lat' dir='ltr'><strong>inter</strong></span> <span class='ocrx_word' id='word_1_14' title='bbox 1159 753 1564 827; x_wconf 87' lang='lat' dir='ltr'><strong>cenandum</strong></span> <span class='ocrx_word' id='word_1_15' title='bbox 1607 753 1849 825; x_wconf 86' lang='lat' dir='ltr'><strong>hilaris</strong></span> <span class='ocrx_word' id='word_1_16' title='bbox 1905 753 2242 826; x_wconf 81' lang='lat' dir='ltr'><strong>resideret</strong></span> <span class='ocrx_word' id='word_1_17' title='bbox 2269 808 2288 843; x_wconf 91' lang='lat'><strong>,</strong></span> <span class='ocrx_word' id='word_1_18' title='bbox 2358 754 2657 826; x_wconf 88' lang='lat' dir='ltr'><strong>Karolus</strong></span> <span class='ocrx_word' id='word_1_19' title='bbox 2714 771 3055 828; x_wconf 82' lang='lat' dir='ltr'><strong>craterem</strong></span> 
     </span>
     <span class='ocr_line' id='line_1_4' title="bbox 915 871 3059 970; baseline -0 -25"><span class='ocrx_word' id='word_1_20' title='bbox 915 897 1213 945; x_wconf 87' lang='lat' dir='ltr'><strong>aureum</strong></span> <span class='ocrx_word' id='word_1_21' title='bbox 1239 871 1314 942; x_wconf 88' lang='lat' dir='ltr'><strong>in</strong></span> <span class='ocrx_word' id='word_1_22' title='bbox 1338 896 1487 968; x_wconf 88' lang='lat' dir='ltr'><strong>quo</strong></span> <span class='ocrx_word' id='word_1_23' title='bbox 1514 894 1775 969; x_wconf 90' lang='lat' dir='ltr'><strong>panem</strong></span> <span class='ocrx_word' id='word_1_24' title='bbox 1806 871 2181 968; x_wconf 69' lang='lat' dir='ltr'><strong>instegerat</strong></span> <span class='ocrx_word' id='word_1_25' title='bbox 2203 873 2515 968; x_wconf 87' lang='lat' dir='ltr'><strong>vinoque</strong></span> <span class='ocrx_word' id='word_1_26' title='bbox 2542 886 3059 970; x_wconf 81' lang='lat' dir='ltr'><strong>temperaverat</strong></span> 
     </span>
     <span class='ocr_line' id='line_1_5' title="bbox 912 985 3053 1090; baseline -0.002 -30"><span class='ocrx_word' id='word_1_27' title='bbox 912 1005 1198 1080; x_wconf 69' lang='lat' dir='ltr'><strong>tenens»,</strong></span> <span class='ocrx_word' id='word_1_28' title='bbox 1224 1003 1387 1090; x_wconf 91' lang='lat' dir='ltr'><strong>post</strong></span> <span class='ocrx_word' id='word_1_29' title='bbox 1411 987 1717 1059; x_wconf 89' lang='lat' dir='ltr'><strong>multum</strong></span> <span class='ocrx_word' id='word_1_30' title='bbox 1744 988 2131 1084; x_wconf 88' lang='lat' dir='ltr'><strong>cogitatum</strong></span> <span class='ocrx_word' id='word_1_31' title='bbox 2155 987 2221 1059; x_wconf 92' lang='lat' dir='ltr'><strong>ei</strong></span> <span class='ocrx_word' id='word_1_32' title='bbox 2248 985 2502 1060; x_wconf 89' lang='lat' dir='ltr'><strong>obtulit</strong></span> <span class='ocrx_word' id='word_1_33' title='bbox 2534 1015 2551 1057; x_wconf 75' lang='grc' dir='ltr'>ε</span> <span class='ocrx_word' id='word_1_34' title='bbox 2582 1017 2617 1055; x_wconf 77' lang='grc' dir='ltr'>α</span> <span class='ocrx_word' id='word_1_35' title='bbox 2642 990 3003 1076; x_wconf 85' lang='lat' dir='ltr'><strong>Quoniam</strong></span> <span class='ocrx_word' id='word_1_36' title='bbox 3020 1021 3053 1055; x_wconf 73' lang='lat' dir='ltr'><strong>n</strong></span> 
     </span>
     <span class='ocr_line' id='line_1_6' title="bbox 915 1104 3060 1205; baseline -0 -27"><span class='ocrx_word' id='word_1_37' title='bbox 915 1109 1243 1205; x_wconf 88' lang='lat' dir='ltr'><strong>inquiens</strong></span> <span class='ocrx_word' id='word_1_38' title='bbox 1283 1136 1318 1173; x_wconf 72' lang='grc' dir='ltr'><strong>ι(</strong></span> <span class='ocrx_word' id='word_1_39' title='bbox 1344 1130 1432 1178; x_wconf 84' lang='lat' dir='ltr'><strong>ex</strong></span> <span class='ocrx_word' id='word_1_40' title='bbox 1463 1120 1751 1203; x_wconf 89' lang='lat' dir='ltr'><strong>patrum</strong></span> <span class='ocrx_word' id='word_1_41' title='bbox 1786 1104 2085 1176; x_wconf 89' lang='lat' dir='ltr'><strong>decretis</strong></span> <span class='ocrx_word' id='word_1_42' title='bbox 2120 1104 2391 1202; x_wconf 87' lang='lat' dir='ltr'><strong>palmas</strong></span> <span class='ocrx_word' id='word_1_43' title='bbox 2417 1121 2488 1177; x_wconf 91' lang='lat' dir='ltr'><strong>et</strong></span> <span class='ocrx_word' id='word_1_44' title='bbox 2522 1105 2809 1177; x_wconf 80' lang='lat' dir='ltr'><strong>frondes</strong></span> <span class='ocrx_word' id='word_1_45' title='bbox 2844 1105 3060 1177; x_wconf 89' lang='lat' dir='ltr'><strong>hodie</strong></span> 
     </span>
     <span class='ocr_line' id='line_1_7' title="bbox 919 1218 3063 1318; baseline 0 -26"><span class='ocrx_word' id='word_1_46' title='bbox 919 1254 958 1292; x_wconf 76' lang='grc' dir='ltr'>α</span> <span class='ocrx_word' id='word_1_47' title='bbox 999 1221 1482 1295; x_wconf 84' lang='lat' dir='ltr'><strong>sanctificastis</strong></span> <span class='ocrx_word' id='word_1_48' title='bbox 1501 1275 1520 1312; x_wconf 93' lang='lat'><strong>,</strong></span> <span class='ocrx_word' id='word_1_49' title='bbox 1561 1236 1773 1317; x_wconf 84' lang='lat' dir='ltr'><strong>atque</strong></span> <span class='ocrx_word' id='word_1_50' title='bbox 1806 1218 2091 1318; x_wconf 89' lang='lat' dir='ltr'><strong>plebem</strong></span> <span class='ocrx_word' id='word_1_51' title='bbox 2125 1220 2143 1256; x_wconf 78' lang='lat'>¹</span> <span class='ocrx_word' id='word_1_52' title='bbox 2190 1221 2404 1292; x_wconf 90' lang='lat' dir='ltr'><strong>sacris</strong></span> <span class='ocrx_word' id='word_1_53' title='bbox 2447 1219 3063 1292; x_wconf 83' lang='lat' dir='ltr'><strong>benedictionibus</strong></span> 
     </span>
     <span class='ocr_line' id='line_1_8' title="bbox 921 1336 3063 1436; baseline 0.001 -28"><span class='ocrx_word' id='word_1_54' title='bbox 921 1371 958 1408; x_wconf 77' lang='grc' dir='ltr'>α</span> <span class='ocrx_word' id='word_1_55' title='bbox 999 1340 1462 1412; x_wconf 81' lang='lat' dir='ltr'><strong>consecrastis</strong></span> <span class='ocrx_word' id='word_1_56' title='bbox 1481 1395 1500 1430; x_wconf 91' lang='lat'><strong>,</strong></span> <span class='ocrx_word' id='word_1_57' title='bbox 1539 1336 1891 1436; x_wconf 89' lang='lat' dir='ltr'><strong>nobisque</strong></span> <span class='ocrx_word' id='word_1_58' title='bbox 1937 1338 2389 1411; x_wconf 85' lang='lat' dir='ltr'><strong>eukaristiam</strong></span> <span class='ocrx_word' id='word_1_59' title='bbox 2436 1339 2839 1436; x_wconf 81' lang='lat' dir='ltr'><strong>porrexistis</strong></span> <span class='ocrx_word' id='word_1_60' title='bbox 2862 1394 2883 1429; x_wconf 93' lang='lat'><strong>,</strong></span> <span class='ocrx_word' id='word_1_61' title='bbox 2940 1337 3063 1410; x_wconf 89' lang='lat' dir='ltr'><strong>ali·</strong></span> 
     </span>
     <span class='ocr_line' id='line_1_9' title="bbox 921 1451 3065 1555; baseline 0 -30"><span class='ocrx_word' id='word_1_62' title='bbox 921 1487 957 1526; x_wconf 77' lang='grc' dir='ltr'><strong><em>α</em></strong></span> <span class='ocrx_word' id='word_1_63' title='bbox 999 1482 1311 1555; x_wconf 87' lang='lat' dir='ltr'><strong>quorum</strong></span> <span class='ocrx_word' id='word_1_64' title='bbox 1355 1480 1824 1528; x_wconf 86' lang='lat' dir='ltr'><strong>susurronum</strong></span> <span class='ocrx_word' id='word_1_65' title='bbox 1858 1454 2245 1527; x_wconf 84' lang='lat' dir='ltr'><strong>calumnias</strong></span> <span class='ocrx_word' id='word_1_66' title='bbox 2288 1455 2413 1552; x_wconf 91' lang='lat' dir='ltr'><strong>qui</strong></span> <span class='ocrx_word' id='word_1_67' title='bbox 2454 1451 2659 1526; x_wconf 90' lang='lat' dir='ltr'><strong>vobis</strong></span> <span class='ocrx_word' id='word_1_68' title='bbox 2692 1453 3065 1528; x_wconf 86' lang='lat' dir='ltr'><strong>fidendum</strong></span> 
     </span>
     <span class='ocr_line' id='line_1_10' title="bbox 929 1569 3067 1670; baseline 0.001 -31"><span class='ocrx_word' id='word_1_69' title='bbox 929 1603 966 1640; x_wconf 88' lang='lat'>«</span> <span class='ocrx_word' id='word_1_70' title='bbox 1008 1587 1274 1670; x_wconf 88' lang='lat' dir='ltr'><strong>negant</strong></span> <span class='ocrx_word' id='word_1_71' title='bbox 1348 1571 1794 1670; x_wconf 86' lang='lat' dir='ltr'><strong>vilipendens</strong></span> <span class='ocrx_word' id='word_1_72' title='bbox 1821 1625 1839 1661; x_wconf 97' lang='lat'><strong>,</strong></span> <span class='ocrx_word' id='word_1_73' title='bbox 1930 1595 2098 1642; x_wconf 91' lang='lat' dir='ltr'><strong>cum</strong></span> <span class='ocrx_word' id='word_1_74' title='bbox 2182 1572 2395 1642; x_wconf 89' lang='lat' dir='ltr'><strong>instet</strong></span> <span class='ocrx_word' id='word_1_75' title='bbox 2479 1569 2633 1642; x_wconf 89' lang='lat' dir='ltr'><strong>dies</strong></span> <span class='ocrx_word' id='word_1_76' title='bbox 2720 1572 3067 1668; x_wconf 87' lang='lat' dir='ltr'><strong>passionis</strong></span> 
     </span>
     <span class='ocr_line' id='line_1_11' title="bbox 923 1685 3063 1797; baseline -0 -39"><span class='ocrx_word' id='word_1_77' title='bbox 923 1720 960 1760; x_wconf 89' lang='lat'>«</span> <span class='ocrx_word' id='word_1_78' title='bbox 1003 1690 1300 1797; x_wconf 74' lang='lat' dir='ltr'><strong>Domini</strong></span> <span class='ocrx_word' id='word_1_79' title='bbox 1331 1703 1404 1762; x_wconf 90' lang='lat' dir='ltr'><strong>et</strong></span> <span class='ocrx_word' id='word_1_80' title='bbox 1431 1688 1799 1760; x_wconf 90' lang='lat' dir='ltr'><strong>salvatoris</strong></span> <span class='ocrx_word' id='word_1_81' title='bbox 1835 1687 2063 1762; x_wconf 85' lang='lat' dir='ltr'><strong>nostri</strong></span> <span class='ocrx_word' id='word_1_82' title='bbox 2090 1690 2253 1758; x_wconf 87' lang='lat' dir='ltr'><strong>Jesu</strong></span> <span class='ocrx_word' id='word_1_83' title='bbox 2298 1685 2589 1776; x_wconf 88' lang='lat' dir='ltr'><strong>Christi,</strong></span> <span class='ocrx_word' id='word_1_84' title='bbox 2632 1686 2776 1758; x_wconf 93' lang='lat' dir='ltr'><strong>hoc</strong></span> <span class='ocrx_word' id='word_1_85' title='bbox 2809 1712 3063 1758; x_wconf 85' lang='lat' dir='ltr'><strong>vascu-</strong></span> 
     </span>
     <span class='ocr_line' id='line_1_12' title="bbox 923 1810 3065 1909; baseline 0 -29"><span class='ocrx_word' id='word_1_86' title='bbox 923 1842 961 1880; x_wconf 88' lang='lat'>«</span> <span class='ocrx_word' id='word_1_87' title='bbox 1004 1813 1157 1884; x_wconf 89' lang='lat' dir='ltr'><strong>lum</strong></span> <span class='ocrx_word' id='word_1_88' title='bbox 1207 1827 1452 1884; x_wconf 87' lang='lat' dir='ltr'><strong>vestrae</strong></span> <span class='ocrx_word' id='word_1_89' title='bbox 1490 1811 1811 1908; x_wconf 86' lang='lat' dir='ltr'><strong>dignitati</strong></span> <span class='ocrx_word' id='word_1_90' title='bbox 1864 1825 2111 1909; x_wconf 89' lang='lat' dir='ltr'><strong>aptum</strong></span> <span class='ocrx_word' id='word_1_91' title='bbox 2130 1863 2150 1901; x_wconf 94' lang='lat'><strong>,</strong></span> <span class='ocrx_word' id='word_1_92' title='bbox 2188 1834 2356 1888; x_wconf 84' lang='lat' dir='ltr'><strong>cum</strong></span> <span class='ocrx_word' id='word_1_93' title='bbox 2390 1810 2561 1882; x_wconf 88' lang='lat' dir='ltr'><strong>vino</strong></span> <span class='ocrx_word' id='word_1_94' title='bbox 2609 1824 2682 1882; x_wconf 91' lang='lat' dir='ltr'><strong>et</strong></span> <span class='ocrx_word' id='word_1_95' title='bbox 2732 1834 2917 1908; x_wconf 87' lang='lat' dir='ltr'><strong>pane</strong></span> <span class='ocrx_word' id='word_1_96' title='bbox 2949 1811 3065 1881; x_wconf 86' lang='lat' dir='ltr'><strong>in-</strong></span> 
     </span>
     <span class='ocr_line' id='line_1_13' title="bbox 923 1925 3070 2027; baseline 0.001 -31"><span class='ocrx_word' id='word_1_97' title='bbox 923 1957 960 1998; x_wconf 85' lang='lat'>«</span> <span class='ocrx_word' id='word_1_98' title='bbox 1003 1929 1226 2002; x_wconf 70' lang='lat' dir='ltr'><strong>fracto</strong></span> <span class='ocrx_word' id='word_1_99' title='bbox 1252 1928 1456 2001; x_wconf 87' lang='lat' dir='ltr'><strong>vobis</strong></span> <span class='ocrx_word' id='word_1_100' title='bbox 1484 1929 1797 2027; x_wconf 88' lang='lat' dir='ltr'><strong>porrigo.</strong></span> <span class='ocrx_word' id='word_1_101' title='bbox 1838 1932 1991 1998; x_wconf 92' lang='lat' dir='ltr'><strong>Hoc</strong></span> <span class='ocrx_word' id='word_1_102' title='bbox 2019 1927 2362 2026; x_wconf 87' lang='lat' dir='ltr'><strong>poculum</strong></span> <span class='ocrx_word' id='word_1_103' title='bbox 2392 1927 2467 1997; x_wconf 88' lang='lat' dir='ltr'><strong>in</strong></span> <span class='ocrx_word' id='word_1_104' title='bbox 2496 1927 2697 2025; x_wconf 91' lang='lat' dir='ltr'><strong>signo</strong></span> <span class='ocrx_word' id='word_1_105' title='bbox 2720 1925 3070 1998; x_wconf 83' lang='lat' dir='ltr'><strong>habendae</strong></span> 
     </span>
     <span class='ocr_line' id='line_1_14' title="bbox 923 2042 3067 2145; baseline 0.001 -33"><span class='ocrx_word' id='word_1_106' title='bbox 923 2074 960 2114; x_wconf 88' lang='lat'>«</span> <span class='ocrx_word' id='word_1_107' title='bbox 1006 2060 1078 2117; x_wconf 90' lang='lat' dir='ltr'><strong>et</strong></span> <span class='ocrx_word' id='word_1_108' title='bbox 1099 2044 1462 2145; x_wconf 66' lang='lat' dir='ltr'><strong>servandae</strong></span> <span class='ocrx_word' id='word_1_109' title='bbox 1490 2043 1658 2116; x_wconf 87' lang='lat' dir='ltr'><strong>fidei</strong></span> <span class='ocrx_word' id='word_1_110' title='bbox 1682 2043 1967 2116; x_wconf 91' lang='lat' dir='ltr'><strong>ebibite.</strong></span> <span class='ocrx_word' id='word_1_111' title='bbox 1997 2045 2069 2114; x_wconf 92' lang='lat' dir='ltr'><strong>Si</strong></span> <span class='ocrx_word' id='word_1_112' title='bbox 2091 2067 2263 2116; x_wconf 89' lang='lat' dir='ltr'><strong>vero</strong></span> <span class='ocrx_word' id='word_1_113' title='bbox 2288 2042 2504 2115; x_wconf 81' lang='lat' dir='ltr'><strong>fidem</strong></span> <span class='ocrx_word' id='word_1_114' title='bbox 2528 2064 2807 2114; x_wconf 86' lang='lat' dir='ltr'><strong>servare</strong></span> <span class='ocrx_word' id='word_1_115' title='bbox 2824 2044 3067 2114; x_wconf 89' lang='lat' dir='ltr'><strong>animo</strong></span> 
     </span>
     <span class='ocr_line' id='line_1_15' title="bbox 925 2159 3071 2260; baseline 0.001 -31"><span class='ocrx_word' id='word_1_116' title='bbox 925 2190 966 2231; x_wconf 89' lang='lat'>«</span> <span class='ocrx_word' id='word_1_117' title='bbox 1007 2186 1158 2234; x_wconf 91' lang='lat' dir='ltr'><strong>non</strong></span> <span class='ocrx_word' id='word_1_118' title='bbox 1185 2175 1355 2252; x_wconf 86' lang='lat' dir='ltr'><strong>stat,</strong></span> <span class='ocrx_word' id='word_1_119' title='bbox 1390 2161 1654 2259; x_wconf 86' lang='lat' dir='ltr'><strong>poculo</strong></span> <span class='ocrx_word' id='word_1_120' title='bbox 1688 2163 1982 2260; x_wconf 89' lang='lat' dir='ltr'><strong>parcite,</strong></span> <span class='ocrx_word' id='word_1_121' title='bbox 2018 2185 2111 2233; x_wconf 92' lang='lat' dir='ltr'><strong>ne</strong></span> <span class='ocrx_word' id='word_1_122' title='bbox 2137 2159 2575 2233; x_wconf 87' lang='lat' dir='ltr'><strong>horrendam</strong></span> <span class='ocrx_word' id='word_1_123' title='bbox 2600 2159 2798 2231; x_wconf 81' lang='lat' dir='ltr'><strong>Judae</strong></span> <span class='ocrx_word' id='word_1_124' title='bbox 2824 2160 3071 2260; x_wconf 88' lang='lat' dir='ltr'><strong>prodi·</strong></span> 
     </span>
     <span class='ocr_line' id='line_1_16' title="bbox 927 2277 3068 2378; baseline 0.001 -32"><span class='ocrx_word' id='word_1_125' title='bbox 927 2309 966 2347; x_wconf 84' lang='lat'><strong><em>«</em></strong></span> <span class='ocrx_word' id='word_1_126' title='bbox 1008 2279 1184 2350; x_wconf 91' lang='lat' dir='ltr'><strong>toris</strong></span> <span class='ocrx_word' id='word_1_127' title='bbox 1218 2280 1528 2378; x_wconf 89' lang='lat' dir='ltr'><strong>speciem</strong></span> <span class='ocrx_word' id='word_1_128' title='bbox 1565 2279 1902 2351; x_wconf 78' lang='lat' dir='ltr'><strong>referatis,</strong></span> <span class='ocrx_word' id='word_1_129' title='bbox 1940 2307 1975 2344; x_wconf 71' lang='grc' dir='ltr'>υ</span> <span class='ocrx_word' id='word_1_130' title='bbox 2008 2283 2174 2366; x_wconf 92' lang='lat' dir='ltr'><strong>Quo</strong></span> <span class='ocrx_word' id='word_1_131' title='bbox 2214 2277 2691 2377; x_wconf 87' lang='lat' dir='ltr'><strong>respondente</strong></span> <span class='ocrx_word' id='word_1_132' title='bbox 2721 2305 2737 2346; x_wconf 92' lang='lat'>:</span> <span class='ocrx_word' id='word_1_133' title='bbox 2774 2305 2813 2344; x_wconf 89' lang='lat'><strong><em>«</em></strong></span> <span class='ocrx_word' id='word_1_134' title='bbox 2830 2282 3068 2349; x_wconf 88' lang='lat' dir='ltr'><strong>Crate-</strong></span> 
     </span>
     <span class='ocr_line' id='line_1_17' title="bbox 927 2401 3068 2502; baseline 0.002 -31"><span class='ocrx_word' id='word_1_135' title='bbox 927 2433 966 2472; x_wconf 86' lang='lat'>«</span> <span class='ocrx_word' id='word_1_136' title='bbox 1005 2429 1162 2475; x_wconf 87' lang='lat' dir='ltr'><strong>rem</strong></span> <span class='ocrx_word' id='word_1_137' title='bbox 1208 2403 1580 2502; x_wconf 86' lang='lat' dir='ltr'><strong>recipiam,</strong></span> <span class='ocrx_word' id='word_1_138' title='bbox 1637 2417 1707 2474; x_wconf 87' lang='lat' dir='ltr'><strong>et</strong></span> <span class='ocrx_word' id='word_1_139' title='bbox 1757 2418 2011 2502; x_wconf 90' lang='lat' dir='ltr'><strong>potum</strong></span> <span class='ocrx_word' id='word_1_140' title='bbox 2063 2402 2283 2475; x_wconf 90' lang='lat' dir='ltr'><strong>libere</strong></span> <span class='ocrx_word' id='word_1_141' title='bbox 2336 2401 2654 2475; x_wconf 85' lang='lat' dir='ltr'><strong>ebibam!</strong></span> <span class='ocrx_word' id='word_1_142' title='bbox 2699 2431 2735 2470; x_wconf 87' lang='lat'>»</span> <span class='ocrx_word' id='word_1_143' title='bbox 2766 2404 3068 2475; x_wconf 90' lang='lat' dir='ltr'><strong>Karolus</strong></span> 
     </span>
     <span class='ocr_line' id='line_1_18' title="bbox 925 2518 3064 2618; baseline -0.001 -28"><span class='ocrx_word' id='word_1_144' title='bbox 925 2543 1096 2591; x_wconf 81' lang='lat' dir='ltr'><strong>mox</strong></span> <span class='ocrx_word' id='word_1_145' title='bbox 1121 2534 1560 2618; x_wconf 89' lang='lat' dir='ltr'><strong>prosecutus,</strong></span> <span class='ocrx_word' id='word_1_146' title='bbox 1596 2518 2012 2591; x_wconf 89' lang='lat' dir='ltr'><strong>addendum</strong></span> <span class='ocrx_word' id='word_1_147' title='bbox 2039 2519 2255 2591; x_wconf 88' lang='lat' dir='ltr'><strong>dixit:</strong></span> <span class='ocrx_word' id='word_1_148' title='bbox 2298 2551 2333 2588; x_wconf 85' lang='lat'>«</span> <span class='ocrx_word' id='word_1_149' title='bbox 2368 2535 2438 2592; x_wconf 91' lang='lat' dir='ltr'><strong>et</strong></span> <span class='ocrx_word' id='word_1_150' title='bbox 2464 2519 2681 2592; x_wconf 86' lang='lat' dir='ltr'><strong>fidem</strong></span> <span class='ocrx_word' id='word_1_151' title='bbox 2704 2520 2981 2592; x_wconf 85' lang='lat' dir='ltr'><strong>faciam.</strong></span> <span class='ocrx_word' id='word_1_152' title='bbox 3028 2551 3064 2588; x_wconf 83' lang='grc'><em>»</em></span> 
     </span>
     <span class='ocr_line' id='line_1_19' title="bbox 925 2634 3067 2738; baseline 0 -30"><span class='ocrx_word' id='word_1_153' title='bbox 925 2635 1048 2709; x_wconf 89' lang='lat' dir='ltr'><strong>llle</strong></span> <span class='ocrx_word' id='word_1_154' title='bbox 1076 2634 1367 2709; x_wconf 89' lang='lat' dir='ltr'><strong>ebibens</strong></span> <span class='ocrx_word' id='word_1_155' title='bbox 1392 2651 1809 2738; x_wconf 84' lang='lat' dir='ltr'><strong>prosecutus</strong></span> <span class='ocrx_word' id='word_1_156' title='bbox 1836 2650 1941 2709; x_wconf 89' lang='lat' dir='ltr'><strong>est</strong></span> <span class='ocrx_word' id='word_1_157' title='bbox 1969 2663 1986 2708; x_wconf 76' lang='lat' dir='ltr'><strong><em>z</em></strong></span> <span class='ocrx_word' id='word_1_158' title='bbox 2025 2667 2061 2705; x_wconf 78' lang='grc' dir='ltr'>α</span> <span class='ocrx_word' id='word_1_159' title='bbox 2090 2651 2162 2709; x_wconf 90' lang='lat' dir='ltr'><strong>et</strong></span> <span class='ocrx_word' id='word_1_160' title='bbox 2184 2635 2401 2735; x_wconf 82' lang='lat' dir='ltr'><strong>fidem</strong></span> <span class='ocrx_word' id='word_1_161' title='bbox 2429 2637 2717 2727; x_wconf 81' lang='lat' dir='ltr'><strong>faciam3</strong></span> <span class='ocrx_word' id='word_1_162' title='bbox 2752 2637 3067 2736; x_wconf 89' lang='lat' dir='ltr'><strong>alioquin</strong></span> 
     </span>
     <span class='ocr_line' id='line_1_20' title="bbox 931 2752 3068 2827; baseline 0.003 -6"><span class='ocrx_word' id='word_1_163' title='bbox 931 2785 967 2822; x_wconf 87' lang='lat'>«</span> <span class='ocrx_word' id='word_1_164' title='bbox 1010 2780 1179 2827; x_wconf 89' lang='lat' dir='ltr'><strong>cum</strong></span> <span class='ocrx_word' id='word_1_165' title='bbox 1224 2754 1407 2827; x_wconf 89' lang='lat' dir='ltr'><strong>Juda</strong></span> <span class='ocrx_word' id='word_1_166' title='bbox 1449 2752 1826 2827; x_wconf 84' lang='lat' dir='ltr'><strong>inteream!</strong></span> <span class='ocrx_word' id='word_1_167' title='bbox 1877 2784 1913 2822; x_wconf 86' lang='lat'>»</span> <span class='ocrx_word' id='word_1_168' title='bbox 1963 2758 2052 2826; x_wconf 91' lang='lat' dir='ltr'><strong>Et</strong></span> <span class='ocrx_word' id='word_1_169' title='bbox 2095 2754 2319 2826; x_wconf 89' lang='lat' dir='ltr'><strong>multa</strong></span> <span class='ocrx_word' id='word_1_170' title='bbox 2350 2754 2462 2826; x_wconf 84' lang='lat' dir='ltr'><strong>his</strong></span> <span class='ocrx_word' id='word_1_171' title='bbox 2499 2754 2747 2827; x_wconf 89' lang='lat' dir='ltr'><strong>similia</strong></span> <span class='ocrx_word' id='word_1_172' title='bbox 2772 2756 3068 2827; x_wconf 81' lang='lat' dir='ltr'><strong>anathe-</strong></span> 
     </span>
     <span class='ocr_line' id='line_1_21' title="bbox 928 2868 3070 2943; baseline 0.001 -2"><span class='ocrx_word' id='word_1_173' title='bbox 928 2872 1134 2943; x_wconf 89' lang='lat' dir='ltr'><strong>matis</strong></span> <span class='ocrx_word' id='word_1_174' title='bbox 1186 2868 1406 2943; x_wconf 89' lang='lat' dir='ltr'><strong>verba</strong></span> <span class='ocrx_word' id='word_1_175' title='bbox 1461 2870 1877 2943; x_wconf 86' lang='lat' dir='ltr'><strong>cenantibus</strong></span> <span class='ocrx_word' id='word_1_176' title='bbox 1926 2870 2145 2942; x_wconf 88' lang='lat' dir='ltr'><strong>dedit.</strong></span> <span class='ocrx_word' id='word_1_177' title='bbox 2210 2874 2367 2943; x_wconf 84' lang='lat' dir='ltr'><strong>Nox</strong></span> <span class='ocrx_word' id='word_1_178' title='bbox 2414 2871 2633 2942; x_wconf 87' lang='lat' dir='ltr'><strong>futuri</strong></span> <span class='ocrx_word' id='word_1_179' title='bbox 2689 2871 2919 2943; x_wconf 91' lang='lat' dir='ltr'><strong>luctus</strong></span> <span class='ocrx_word' id='word_1_180' title='bbox 2998 2888 3070 2943; x_wconf 92' lang='lat' dir='ltr'><strong>et</strong></span> 
     </span>
     <span class='ocr_line' id='line_1_22' title="bbox 925 2987 3069 3087; baseline 0.001 -29"><span class='ocrx_word' id='word_1_181' title='bbox 925 2988 1352 3087; x_wconf 85' lang='lat' dir='ltr'><strong>proditionis</strong></span> <span class='ocrx_word' id='word_1_182' title='bbox 1393 2989 1676 3060; x_wconf 90' lang='lat' dir='ltr'><strong>conscia</strong></span> <span class='ocrx_word' id='word_1_183' title='bbox 1719 2987 2047 3060; x_wconf 90' lang='lat' dir='ltr'><strong>instabat.</strong></span> <span class='ocrx_word' id='word_1_184' title='bbox 2094 2988 2433 3075; x_wconf 86' lang='lat' dir='ltr'><strong>Quietum</strong></span> <span class='ocrx_word' id='word_1_185' title='bbox 2468 2990 2572 3061; x_wconf 87' lang='lat' dir='ltr'><strong>ire</strong></span> <span class='ocrx_word' id='word_1_186' title='bbox 2608 2991 3069 3061; x_wconf 89' lang='lat' dir='ltr'><strong>constitutum</strong></span> 
     </span>
    </p>
   </div>
   <div class='ocr_carea' id='block_1_3' title="bbox 921 3104 3071 3312">
    <p class='ocr_par' dir='ltr' id='par_1_3' title="bbox 921 3104 3071 3312">
     <span class='ocr_line' id='line_1_23' title="bbox 921 3104 3063 3202; baseline 0 -26"><span class='ocrx_word' id='word_1_187' title='bbox 921 3120 1034 3176; x_wconf 87' lang='lat' dir='ltr'><strong>est</strong></span> <span class='ocrx_word' id='word_1_188' title='bbox 1051 3158 1070 3195; x_wconf 90' lang='lat'><strong>,</strong></span> <span class='ocrx_word' id='word_1_189' title='bbox 1105 3104 1635 3202; x_wconf 89' lang='lat' dir='ltr'><strong>dormitumque</strong></span> <span class='ocrx_word' id='word_1_190' title='bbox 1662 3106 1737 3176; x_wconf 89' lang='lat' dir='ltr'><strong>in</strong></span> <span class='ocrx_word' id='word_1_191' title='bbox 1764 3129 1999 3176; x_wconf 91' lang='lat' dir='ltr'><strong>mane.</strong></span> <span class='ocrx_word' id='word_1_192' title='bbox 2031 3104 2382 3176; x_wconf 83' lang='lat' dir='ltr'><strong>Adalbero</strong></span> <span class='ocrx_word' id='word_1_193' title='bbox 2408 3108 2517 3177; x_wconf 89' lang='lat' dir='ltr'><strong>sui</strong></span> <span class='ocrx_word' id='word_1_194' title='bbox 2540 3105 2689 3177; x_wconf 92' lang='lat' dir='ltr'><strong>doli</strong></span> <span class='ocrx_word' id='word_1_195' title='bbox 2714 3107 3063 3195; x_wconf 78' lang='lat' dir='ltr'><strong>consciuS,</strong></span> 
     </span>
     <span class='ocr_line' id='line_1_24' title="bbox 923 3213 3071 3312; baseline 0.001 -27"><span class='ocrx_word' id='word_1_196' title='bbox 923 3214 1448 3286; x_wconf 88' lang='lat' dir='ltr'><strong>dormientibus</strong></span> <span class='ocrx_word' id='word_1_197' title='bbox 1473 3213 1737 3286; x_wconf 87' lang='lat' dir='ltr'><strong>Karolo</strong></span> <span class='ocrx_word' id='word_1_198' title='bbox 1769 3228 1845 3285; x_wconf 92' lang='lat' dir='ltr'><strong>et</strong></span> <span class='ocrx_word' id='word_1_199' title='bbox 1871 3213 2163 3286; x_wconf 81' lang='lat' dir='ltr'><strong>Arnulfo</strong></span> <span class='ocrx_word' id='word_1_200' title='bbox 2178 3270 2197 3304; x_wconf 95' lang='lat'><strong>,</strong></span> <span class='ocrx_word' id='word_1_201' title='bbox 2242 3213 2514 3312; x_wconf 86' lang='lat' dir='ltr'><strong>gladios</strong></span> <span class='ocrx_word' id='word_1_202' title='bbox 2556 3230 2627 3287; x_wconf 92' lang='lat' dir='ltr'><strong>et</strong></span> <span class='ocrx_word' id='word_1_203' title='bbox 2658 3240 2857 3287; x_wconf 88' lang='lat' dir='ltr'><strong>arma</strong></span> <span class='ocrx_word' id='word_1_204' title='bbox 2886 3240 2931 3287; x_wconf 93' lang='lat' dir='ltr'><strong>a</strong></span> <span class='ocrx_word' id='word_1_205' title='bbox 2958 3240 3071 3287; x_wconf 88' lang='lat' dir='ltr'><strong>ca-</strong></span> 
     </span>
    </p>
   </div>
   <div class='ocr_carea' id='block_1_4' title="bbox 921 3329 3071 4109">
    <p class='ocr_par' dir='ltr' id='par_1_4' title="bbox 921 3329 3071 4109">
     <span class='ocr_line' id='line_1_25' title="bbox 921 3329 3071 3429; baseline 0.001 -28"><span class='ocrx_word' id='word_1_206' title='bbox 921 3330 1190 3429; x_wconf 86' lang='lat' dir='ltr'><strong>pitibus</strong></span> <span class='ocrx_word' id='word_1_207' title='bbox 1244 3356 1499 3404; x_wconf 90' lang='lat' dir='ltr'><strong>eorum</strong></span> <span class='ocrx_word' id='word_1_208' title='bbox 1544 3332 1811 3404; x_wconf 90' lang='lat' dir='ltr'><strong>amovit</strong></span> <span class='ocrx_word' id='word_1_209' title='bbox 1827 3386 1847 3423; x_wconf 92' lang='lat'><strong>,</strong></span> <span class='ocrx_word' id='word_1_210' title='bbox 1888 3329 2337 3428; x_wconf 85' lang='lat' dir='ltr'><strong>latibulisque</strong></span> <span class='ocrx_word' id='word_1_211' title='bbox 2375 3331 2759 3403; x_wconf 84' lang='lat' dir='ltr'><strong>mandavit.</strong></span> <span class='ocrx_word' id='word_1_212' title='bbox 2793 3334 3071 3403; x_wconf 88' lang='lat' dir='ltr'><strong>Hostia·</strong></span> 
     </span>
     <span class='ocr_line' id='line_1_26' title="bbox 926 3446 3063 3546; baseline 0.002 -29"><span class='ocrx_word' id='word_1_213' title='bbox 926 3447 1114 3518; x_wconf 85' lang='lat' dir='ltr'><strong>rium</strong></span> <span class='ocrx_word' id='word_1_214' title='bbox 1138 3446 1352 3545; x_wconf 89' lang='lat' dir='ltr'><strong>hujus</strong></span> <span class='ocrx_word' id='word_1_215' title='bbox 1379 3447 1525 3520; x_wconf 90' lang='lat' dir='ltr'><strong>doli</strong></span> <span class='ocrx_word' id='word_1_216' title='bbox 1552 3450 1877 3546; x_wconf 89' lang='lat' dir='ltr'><strong>ignarum</strong></span> <span class='ocrx_word' id='word_1_217' title='bbox 1896 3449 2311 3541; x_wconf 89' lang='lat' dir='ltr'><strong>accersiens,</strong></span> <span class='ocrx_word' id='word_1_218' title='bbox 2336 3473 2627 3545; x_wconf 79' lang='lat' dir='ltr'><strong>cursum</strong></span> <span class='ocrx_word' id='word_1_219' title='bbox 2650 3447 3063 3538; x_wconf 85' lang='lat' dir='ltr'><strong>accelerare,</strong></span> 
     </span>
     <span class='ocr_line' id='line_1_27' title="bbox 921 3566 3067 3665; baseline 0.001 -28"><span class='ocrx_word' id='word_1_220' title='bbox 921 3579 1002 3637; x_wconf 83' lang='lat' dir='ltr'><strong>et</strong></span> <span class='ocrx_word' id='word_1_221' title='bbox 1027 3566 1390 3663; x_wconf 89' lang='lat' dir='ltr'><strong>quendam</strong></span> <span class='ocrx_word' id='word_1_222' title='bbox 1413 3590 1710 3638; x_wconf 89' lang='lat' dir='ltr'><strong>suorum</strong></span> <span class='ocrx_word' id='word_1_223' title='bbox 1736 3567 2075 3639; x_wconf 87' lang='lat' dir='ltr'><strong>accersire</strong></span> <span class='ocrx_word' id='word_1_224' title='bbox 2092 3567 2327 3665; x_wconf 82' lang='lat' dir='ltr'><strong>jubet3</strong></span> <span class='ocrx_word' id='word_1_225' title='bbox 2368 3570 2628 3640; x_wconf 90' lang='lat' dir='ltr'><strong>ostium</strong></span> <span class='ocrx_word' id='word_1_226' title='bbox 2657 3592 2807 3639; x_wconf 85' lang='lat' dir='ltr'><strong>sese</strong></span> <span class='ocrx_word' id='word_1_227' title='bbox 2833 3592 3067 3639; x_wconf 87' lang='lat' dir='ltr'><strong>serva·</strong></span> 
     </span>
     <span class='ocr_line' id='line_1_28' title="bbox 928 3682 3063 3782; baseline 0 -30"><span class='ocrx_word' id='word_1_228' title='bbox 928 3696 1171 3754; x_wconf 89' lang='lat' dir='ltr'><strong>turum</strong></span> <span class='ocrx_word' id='word_1_229' title='bbox 1231 3684 1514 3757; x_wconf 82' lang='lat' dir='ltr'><strong>interim</strong></span> <span class='ocrx_word' id='word_1_230' title='bbox 1567 3682 1935 3782; x_wconf 75' lang='lat' dir='ltr'><strong>pollicem.</strong></span> <span class='ocrx_word' id='word_1_231' title='bbox 1993 3687 2157 3772; x_wconf 90' lang='lat' dir='ltr'><strong>Quo</strong></span> <span class='ocrx_word' id='word_1_232' title='bbox 2209 3684 2554 3781; x_wconf 70' lang='lat' dir='ltr'><strong>digresm,</strong></span> <span class='ocrx_word' id='word_1_233' title='bbox 2607 3682 2958 3755; x_wconf 82' lang='lat' dir='ltr'><strong>Adalbero</strong></span> <span class='ocrx_word' id='word_1_234' title='bbox 2990 3684 3063 3754; x_wconf 93' lang='lat' dir='ltr'><strong>in</strong></span> 
     </span>
     <span class='ocr_line' id='line_1_29' title="bbox 927 3799 3060 3899; baseline 0.001 -30"><span class='ocrx_word' id='word_1_235' title='bbox 927 3800 1084 3895; x_wconf 89' lang='lat' dir='ltr'><strong>ipso</strong></span> <span class='ocrx_word' id='word_1_236' title='bbox 1112 3800 1292 3871; x_wconf 88' lang='lat' dir='ltr'><strong>ostio</strong></span> <span class='ocrx_word' id='word_1_237' title='bbox 1329 3824 1480 3873; x_wconf 88' lang='lat' dir='ltr'><strong>sese</strong></span> <span class='ocrx_word' id='word_1_238' title='bbox 1509 3799 1825 3873; x_wconf 91' lang='lat' dir='ltr'><strong>medium</strong></span> <span class='ocrx_word' id='word_1_239' title='bbox 1847 3799 1998 3873; x_wconf 81' lang='lat' dir='ltr'><strong>fixit</strong></span> <span class='ocrx_word' id='word_1_240' title='bbox 2015 3856 2034 3891; x_wconf 92' lang='lat'><strong>,</strong></span> <span class='ocrx_word' id='word_1_241' title='bbox 2074 3799 2388 3899; x_wconf 85' lang='lat' dir='ltr'><strong>gladium</strong></span> <span class='ocrx_word' id='word_1_242' title='bbox 2416 3799 2551 3873; x_wconf 91' lang='lat' dir='ltr'><strong>sub</strong></span> <span class='ocrx_word' id='word_1_243' title='bbox 2572 3816 2763 3873; x_wconf 87' lang='lat' dir='ltr'><strong>veste</strong></span> <span class='ocrx_word' id='word_1_244' title='bbox 2787 3817 3060 3873; x_wconf 89' lang='lat' dir='ltr'><strong>tenens.</strong></span> 
     </span>
     <span class='ocr_line' id='line_1_30' title="bbox 929 3917 3063 4017; baseline 0.001 -31"><span class='ocrx_word' id='word_1_245' title='bbox 929 3918 1061 3987; x_wconf 92' lang='lat' dir='ltr'><strong>Cui</strong></span> <span class='ocrx_word' id='word_1_246' title='bbox 1099 3941 1269 3987; x_wconf 80' lang='lat' dir='ltr'><strong>mox</strong></span> <span class='ocrx_word' id='word_1_247' title='bbox 1295 3918 1400 3987; x_wconf 89' lang='lat' dir='ltr'><strong>sui</strong></span> <span class='ocrx_word' id='word_1_248' title='bbox 1437 3918 1865 4009; x_wconf 80' lang='lat' dir='ltr'><strong>assistenteS,</strong></span> <span class='ocrx_word' id='word_1_249' title='bbox 1898 3932 2146 4017; x_wconf 88' lang='lat' dir='ltr'><strong>utpote</strong></span> <span class='ocrx_word' id='word_1_250' title='bbox 2170 3917 2383 4015; x_wconf 91' lang='lat' dir='ltr'><strong>hujus</strong></span> <span class='ocrx_word' id='word_1_251' title='bbox 2406 3918 2735 3989; x_wconf 88' lang='lat' dir='ltr'><strong>facinoris</strong></span> <span class='ocrx_word' id='word_1_252' title='bbox 2768 3918 3063 4007; x_wconf 90' lang='lat' dir='ltr'><strong>conscii,</strong></span> 
     </span>
     <span class='ocr_line' id='line_1_31' title="bbox 929 4032 3065 4109; baseline 0 -4"><span class='ocrx_word' id='word_1_253' title='bbox 929 4032 1022 4105; x_wconf 88' lang='lat' dir='ltr'><strong>ab</strong></span> <span class='ocrx_word' id='word_1_254' title='bbox 1059 4032 1501 4107; x_wconf 84' lang='lat' dir='ltr'><strong>Adalberone</strong></span> <span class='ocrx_word' id='word_1_255' title='bbox 1547 4060 1797 4109; x_wconf 88' lang='lat' dir='ltr'><strong>omnes</strong></span> <span class='ocrx_word' id='word_1_256' title='bbox 1832 4036 2213 4109; x_wconf 87' lang='lat' dir='ltr'><strong>intromissi</strong></span> <span class='ocrx_word' id='word_1_257' title='bbox 2260 4051 2447 4108; x_wconf 90' lang='lat' dir='ltr'><strong>sunt.</strong></span> <span class='ocrx_word' id='word_1_258' title='bbox 2492 4035 2793 4107; x_wconf 89' lang='lat' dir='ltr'><strong>Karolus</strong></span> <span class='ocrx_word' id='word_1_259' title='bbox 2824 4050 2897 4107; x_wconf 88' lang='lat' dir='ltr'><strong>et</strong></span> <span class='ocrx_word' id='word_1_260' title='bbox 2942 4040 3065 4107; x_wconf 80' lang='lat' dir='ltr'><strong>Ar-</strong></span> 
     </span>
    </p>
   </div>
   <div class='ocr_carea' id='block_1_5' title="bbox 1007 4258 1901 4329">
    <p class='ocr_par' dir='ltr' id='par_1_5' title="bbox 1007 4258 1901 4329">
     <span class='ocr_line' id='line_1_32' title="bbox 1007 4258 1901 4329; baseline 0.002 -22"><span class='ocrx_word' id='word_1_261' title='bbox 1007 4262 1021 4285; x_wconf 77' lang='grc'>·</span> <span class='ocrx_word' id='word_1_262' title='bbox 1063 4258 1320 4328; x_wconf 86' lang='lat' dir='ltr'><strong>populum</strong></span> <span class='ocrx_word' id='word_1_263' title='bbox 1349 4260 1648 4329; x_wconf 68' lang='lat' dir='ltr'><strong>superposito</strong></span> <span class='ocrx_word' id='word_1_264' title='bbox 1673 4258 1901 4329; x_wconf 83' lang='lat' dir='ltr'><strong>plebem.</strong></span> 
     </span>
    </p>
   </div>
  </div>
 </body>
</html>
