3459 5375
1011 571 1127 630 188
1719 567 2047 628 monem
2094 565 2237 630 ΜΒ.
2286 567 2393 626 lv.

997 697 1192 767 vitat.
1239 693 1594 781 Quiddam
1646 718 1983 792 magnum
2038 719 2188 766 sese
2233 694 2725 765 ordinaturum
2772 693 3094 784 mandat3

997 808 1191 882 unde
1226 826 1296 881 et
1349 809 1649 881 multum
1696 811 1795 882 eis
1850 808 2369 882 maturandum.
2426 808 2531 879 Illi
2578 810 2728 880 sine
2775 807 3101 881 dilatione

997 926 1434 998 advenerunt
1451 981 1470 1016 ‚
1509 929 1584 998 in
1627 926 1969 1024 obsequio
2006 927 2319 1012 domini,
2369 927 2839 1025 paratissimos
2878 949 2955 996 se
2986 924 3102 997 de·

997 1057 1490 1116 monstrantes.
1553 1044 1879 1116 Arnulfus
1916 1043 2051 1115 alia
2083 1067 2217 1142 pro
2261 1042 2411 1115 aliis
2446 1041 2657 1129 dans,
2711 1036 2912 1139 quod
2944 1063 3103 1112 vere

999 1159 1286 1231 molitur
1330 1162 1610 1259 penitus
1669 1161 2080 1232 dissimulat.
2141 1158 2246 1232 Ad
2288 1159 2462 1258 quid
2503 1161 2737 1258 potius
2788 1156 3103 1230 intendat

997 1297 1247 1346 omnes
1280 1275 1629 1371 ignorant.
1671 1277 1811 1346 Uni
1856 1290 2130 1349 tantum
2164 1276 2255 1348 de
2289 1276 2488 1372 cujus
2534 1275 3007 1347 taciturnitate
3038 1289 3102 1344 et

997 1387 1141 1461 fide
1175 1415 1323 1462 non
1361 1390 1754 1483 diffidebat,
1794 1393 1869 1464 id
1906 1407 2135 1464 totum
2174 1392 2499 1465 credulus
2533 1392 2907 1463 commisit.
2948 1394 3103 1477 Qua

997 1520 1208 1577 nocte
1231 1507 1538 1578 ·Karolus
1567 1509 1584 1544 ¹
1650 1509 2189 1581 intromitendus
2216 1509 2242 1546 ²
2306 1522 2487 1581 esset
2536 1506 2839 1607 aperuit3
2900 1519 2974 1578 et
3031 1519 3103 1575 ut

995 1635 1165 1692 tunc
1197 1637 1564 1719 portarum
1603 1624 1832 1696 claves
1880 1650 1921 1697 a
1954 1649 2084 1698 suo
2119 1623 2437 1698 cervicali
2470 1623 2746 1696 tolleret
2762 1676 2782 1713 ,
2822 1621 3103 1694 urbem·

995 1761 1135 1833 que
1172 1741 1454 1811 armatis
1498 1743 1799 1840 aperiret
1817 1795 1837 1832 ,
1879 1741 2106 1838 jussit.
2150 1745 2291 1814 Nec
2324 1741 2549 1813 multo
2586 1755 2751 1839 post
2798 1763 2941 1810 nox
2989 1738 3101 1809 cui

993 1853 1133 1925 hoc
1163 1853 1557 1929 debebatur
1587 1859 1926 1955 flagitium
1978 1859 2194 1930 affuit.
2254 1858 2549 1930 Karolus
2595 1881 2761 1929 cum
2801 1855 3099 1927 exercitu

995 1983 1314 2068 tempore
1362 1972 1700 2071 deputato
1748 1973 1839 2044 ad
1898 1989 2139 2073 portas
2192 1973 2384 2046 urbis
2438 1987 2823 2044 nocturnus
2878 1969 3093 2042 affifit.

995 2084 1282 2182 Algerus
1335 2088 1676 2186 presbiter
1689 2127 1791 2148 .....
1814 2091 1912 2160 sic
1950 2091 2142 2161 enim
2179 2087 2559 2161 vocabatur
2588 2124 2689 2146 ·—·
2722 2088 3099 2157 introrsum

996 2224 1161 2272 cum
1199 2201 1509 2274 clavibus
1543 2229 1618 2276 se
1656 2220 2071 2302 praesentem
2105 2203 2371 2276 habuit.
2415 2207 2470 2274 Α
2502 2228 2648 2301 quo
2676 2227 2841 2274 mox
2884 2217 3097 2300 portae

992 2315 1352 2413 patefactas
1377 2329 1571 2406 sunt,
1603 2321 2085 2418 exercitusque
2112 2320 2575 2392 intromissus.
2610 2317 2793 2390 Urbs
2816 2342 3097 2416 quoque

993 2455 1038 2501 a
1058 2433 1508 2528 praedonibus
1541 2437 1816 2537 direpta
1836 2453 1910 2512 et
1932 2437 2251 2536 spoliata.

1459 2638 1668 2693 XXXV
1675 2679 1687 2693 .
1704 2669 1778 2681 —
1791 2640 1996 2693 Amulfi
2009 2639 2042 2674 ³⁸*
2060 2657 2373 2713 suorumque
2395 2638 2567 2712 captio
2580 2637 2633 2693 ³¹¹.

1091 2782 1295 2853 Unde
1336 2809 1500 2855 cum
1545 2786 1815 2859 clamor
1854 2812 1985 2886 per
2032 2788 2281 2861 urbem
2328 2786 2525 2859 fieret
2548 2841 2567 2878 ,
2624 2786 3099 2884 tumultusque

993 2894 1534 2973 discurrentium
1557 2902 1743 2975 cives
1789 2904 2106 2976 incautos
2147 2906 2507 2994 excitaret,
2548 2903 2873 2975 Amulfus
2906 2928 3101 3000 aeque

992 3012 1349 3087 turbatum
1408 3017 1716 3091 clamore
1764 3042 1915 3093 sese
1959 3019 2258 3092 simulat.
2314 3024 2401 3090 Et
2444 3020 2714 3117 fingens
2778 3036 3049 3091 metum
3076 3074 3095 3109 ‚

993 3132 1243 3201 turrim
1278 3134 1476 3231 petiit
1507 3151 1717 3233 atque
1743 3135 2176 3207 conscendit.
2210 3138 2440 3223 Quem
2470 3136 2811 3207 comites³
2854 3136 3097 3225 secuti,

990 3259 1236 3375 past
1187 3270 1261 3318 se
1297 3248 1472 3320 ostia
1495 3248 1933 3322 obseravere.
1966 3249 2264 3321 Karolus
2303 3250 2669 3323 Arnulfum
2694 3251 3103 3349 perquirens

993 3384 1126 3431 nec
1157 3332 1555 3460 reperienS,
1605 3365 1895 3438 ubinam
1941 3365 2186 3438 lateret
2236 3366 2693 3438 scrutabatur.
2755 3366 2886 3439 Cui
2942 3391 3099 3437 cum

992 3477 1458 3573 proderetur
1441 3505 1515 3551 111
1561 3483 1769 3553 turris
1811 3483 2176 3554 cacumine
2210 3482 2469 3574 latere,
2532 3484 2713 3555 ostio
2752 3507 2921 3553 mox
2954 3506 3105 3553 cus-

993 3592 1194 3664 todes
1225 3595 1566 3669 adhibuit.
1599 3603 1687 3669 Et
1727 3601 2066 3695 quoniam
2101 3623 2235 3671 nec
2272 3599 2511 3671 cibum
2550 3624 2683 3671 nec
2714 3623 2907 3670 arma
2944 3613 3103 3669 ante

992 3728 1519 3806 congesserant,
1573 3714 1834 3787 Karolo
1890 3715 2152 3788 cedunt
2175 3770 2195 3806 ,
2255 3731 2465 3814 atque
2528 3741 2571 3789 a
2622 3718 2793 3789 turri
2852 3716 3107 3813 egressi¹

995 3840 1182 3896 sunt.

1065 4020 1095 4052 ³*
1134 4021 1180 4085 i,
1209 4040 1246 4093 p
1269 4022 1476 4075 abscisa.

1067 4116 1078 4136 ¹
1120 4106 1370 4158 exercitus
1390 4126 1534 4178 supra
1549 4112 1712 4179 posito
1742 4111 1812 4163 K.
1842 4110 2011 4163 codex.

1064 4194 1086 4225 ²
1117 4196 1188 4244 ita
1217 4193 1388 4247 codex.

1066 4282 1087 4315 ⁸
1125 4284 1390 4353 commites
1413 4284 1563 4337 codex
1573 4326 1583 4337 .
