3459 5375
912 550 995 611 94
1625 550 1956 611 RICHERI
2002 552 2154 613 LIB.
2199 552 2326 617 1115

914 708 1005 754 ne
1046 681 1195 753 dux
1220 682 1657 780 praesentiret
1680 736 1699 771 ,
1739 697 1811 753 et
1849 708 1940 754 ne
1979 685 2128 781 ipse
2171 706 2461 781 quoque
2487 680 2698 752 vellet
2739 685 3057 754 reconci-

910 799 1087 873 liari.
1120 796 1403 871 Talibus
1438 799 1513 869 in
1556 798 1707 871 dies
1743 797 2204 892 afficiebatur,
2237 815 2310 873 et
2353 798 2608 871 exinde
2635 798 2749 869 his
2775 798 3056 872 duobus

914 916 1178 988 ducem
1231 930 1639 1014 suspectum
1698 915 1972 988 habuit.
2039 923 2096 987 A
2146 914 2710 989 consultantibus
2767 916 3053 988 tandem

914 1034 1283 1106 decretum
1318 1033 1333 1069 ⁴
1385 1046 1490 1103 est
1541 1034 1884 1105 Ottonem
1937 1034 2010 1104 in
2055 1034 2448 1105 amiciciam
2486 1034 2670 1129 regis
2715 1056 3091 1105 revocari·-

914 1152 1092 1224 dum
1110 1204 1129 1241 ‚
1166 1175 1253 1222 eo
1281 1148 1481 1247 quod
1517 1149 1668 1247 ipse
1708 1151 1815 1221 vir
1847 1151 2122 1222 virtutis
2151 1166 2366 1239 esset,
2410 1165 2481 1222 et
2513 1175 2643 1247 per
2669 1148 2872 1221 illum
2905 1174 3051 1221 non

908 1268 1146 1341 solum
1186 1267 1333 1339 dux
1372 1268 1772 1338 mansuesci
1806 1284 2083 1365 posset,
2126 1266 2254 1340 sed
2295 1283 2366 1340 et
2407 1266 2703 1339 aliarum
2735 1268 3053 1364 gentium

910 1384 1172 1455 tiranni
1214 1382 1577 1479 subjugari
1612 1382 1874 1455 utiliter
1909 1382 2246 1454 valerent.
2301 1384 2539 1481 Legati
2577 1384 2786 1480 igitur
2829 1408 2872 1455 a
2923 1387 3056 1455 Lo-

908 1500 1159 1576 tharim
1178 1498 1429 1571 directi
1448 1553 1467 1591 ,
1504 1496 1596 1570 ab
1626 1503 1893 1569 Oetone
1919 1498 2404 1571 liberalissime
2431 1501 2736 1598 suscepti
2753 1554 2773 1589 ,
2803 1500 2896 1572 de
2923 1500 3054 1573 ha-

905 1616 1145 1689 benda
1170 1617 1539 1713 utriusque
1568 1616 1924 1706 amicicia,
1945 1616 2129 1690 duce
2156 1617 2554 1713 ignorante,
2587 1615 2985 1689 elaborant:

1300 1810 1553 1863 LXXIX.
1574 1840 1649 1852 —
1670 1810 1857 1863 Oratio
1873 1813 1906 1841 ³¹
1931 1812 2208 1865 Gallorum
2231 1810 2300 1865 ad
2317 1812 2348 1847 *
2375 1812 2645 1865 Ottonem.

1008 1981 1043 2020 «
1076 1954 1459 2042 Hactenus,
1493 1982 1527 2019 »
1560 1953 1918 2049 inquiunt,
1972 1980 2006 2018 «
2043 1951 2414 2023 discordiae
2431 2006 2452 2043 ,
2483 1951 2798 2041 invidiae,
2844 1950 3050 2022 caedis

906 2096 947 2137 τ(
992 2084 1343 2141 amatores
1386 2069 1818 2157 floruerunt,
1876 2093 2044 2139 cum
2097 2069 2280 2139 inter
2331 2066 2810 2139 nobilissimos
2853 2092 3048 2164 reges

905 2216 945 2255 z<
988 2201 1267 2257 tantum
1310 2185 1553 2277 locum
1593 2185 2038 2274 habuerunt,
2099 2185 2359 2283 quibus
2415 2211 2550 2285 pro
2591 2184 2858 2258 deliciis
2901 2202 3050 2257 erat

902 2332 948 2371 ἰ(
988 2301 1345 2375 discordia
1366 2357 1383 2391 ,
1430 2304 1599 2401 quia
1638 2302 1832 2402 apud
1870 2327 2068 2400 reges
2103 2302 2468 2375 discordes
2520 2328 2596 2374 se
2648 2301 2872 2375 multa
2925 2302 3046 2374 ad·

906 2448 945 2485 «
988 2419 1268 2515 quirere
1303 2408 1515 2516 posse
1550 2418 2094 2490 arbitrabantur.
2131 2420 2514 2491 Enimvero
2541 2418 2632 2490 de
2675 2422 3044 2491 communi

902 2560 943 2601 «
981 2532 1142 2605 labe
1168 2533 1600 2631 cogitabant,
1634 2550 1711 2605 ut
1749 2535 2038 2630 majoris
2094 2522 2336 2632 gloriae'
2366 2552 2436 2607 et
2463 2536 2760 2607 honoris
2803 2535 3042 2607 locum

866 2713 871 2718 .
901 2676 943 2717 ι(
985 2648 1179 2747 apud
1242 2647 1706 2722 conturbatos
1749 2650 2215 2722 vindicarent.
2260 2649 2403 2723 Sed
2449 2650 2769 2749 proderit
2817 2650 3040 2749 pluri-

905 2801 938 2833 ιι
984 2791 1187 2870 mum
1208 2769 1310 2839 rei
1328 2767 1653 2865 publicae,
1688 2769 1748 2839 si
1765 2768 2160 2865 malignitas
2182 2794 2570 2869 pravorum
2587 2770 2738 2866 jam
2761 2769 3036 2842 dudum

896 2912 933 2953 «
974 2885 1398 2982 reprimatur
1418 2940 1437 2975 ,
1478 2899 1548 2956 et
1580 2885 1804 2956 virtus
1827 2884 2194 2958 bonorum
2214 2886 2375 2959 luce
2398 2887 2646 2984 purius
2668 2887 3027 2960 enitescat.

899 3029 937 3068 «
982 3000 1247 3072 Redeat
1281 3026 1449 3099 ergo
1482 3002 1704 3072 virtus
1742 3016 1814 3073 et
1846 3001 2099 3075 floreat
2130 3004 2203 3074 in
2211 3018 2315 3074 ter
2349 3003 2885 3101 gloriosissimos
2927 3031 3036 3076 re-

895 3147 933 3185 «
974 3143 1121 3214 ges,
1167 3133 1246 3190 ut
1280 3133 1351 3189 et
1384 3132 1617 3190 vestra
1645 3119 1903 3190 virtute
1931 3134 2296 3192 tantorum
2324 3121 2678 3192 malorum
2710 3137 3032 3194 auctores

891 3263 929 3303 «
972 3235 1233 3307 abinde
1286 3236 1794 3332 conquiescant
1809 3291 1829 3326 ,
1885 3251 1957 3308 et
1995 3261 2106 3310 res
2154 3236 2439 3334 publica
2492 3253 2722 3310 vestra
2774 3240 3030 3311 virtute

886 3383 923 3421 «
966 3353 1204 3452 potius
1239 3351 1672 3450 gubernetur
1691 3406 1710 3442 ,
1754 3377 1969 3449 quam
2017 3353 2449 3450 cupidorum
2473 3354 2741 3427 invidia
2767 3353 3028 3428 dilaba-

884 3497 919 3537 «
960 3485 1100 3543 tur.
1168 3470 1495 3542 Securius
1530 3470 1722 3540 enim
1759 3468 1974 3542 ambo
2012 3465 2392 3568 regnabitis
2410 3526 2430 3561 ‚
2473 3496 2638 3543 cum
2680 3473 2753 3543 in
2790 3473 3026 3544 amici-

882 3614 919 3655 «
959 3590 1069 3660 cia
1093 3587 1458 3684 conjuncti
1484 3585 1669 3660 duos
1696 3589 2042 3690 exercitus
2064 3613 2199 3687 pro
2226 3614 2376 3660 uno
2399 3589 2772 3662 habebitis.
2807 3567 3023 3678 Quod

881 3732 916 3772 «
958 3705 1019 3775 si
1054 3729 1141 3776 ex
1163 3701 1369 3776 vobis
1390 3703 1570 3776 alter
1596 3704 1670 3776 in
1708 3703 1992 3776 ultimas
2033 3729 2330 3776 suorum
2355 3731 2742 3804 regnorum
2779 3723 3022 3804 gentes

877 3850 913 3888 α
958 3821 1061 3892 ire
1096 3820 1547 3920 disposuerit,
1588 3820 1892 3894 alterum
1925 3823 2069 3894 acsi
2095 3823 2410 3914 fratrem,
2451 3823 2824 3922 fidumque
2861 3849 3022 3897 sua·

877 3966 915 4006 «
955 3929 1117 4010 rum
1142 3963 1385 4012 rerum
1420 3954 1735 4012 tutorem
1769 3938 2086 4012 habebit.
2132 3940 2410 4014 Placeat
2455 3967 2626 4040 ergo
2659 3943 3018 4015 serenissi-

874 4085 909 4124 «
952 4056 1088 4126 mis
1136 4055 1419 4152 regibus
1468 4081 1607 4154 pax
1652 4071 1724 4128 et
1773 4059 2091 4130 amicicia
2111 4113 2130 4150 ,
2171 4084 2354 4156 quos
2389 4060 2550 4155 conj
2559 4061 2756 4131 unxit
2791 4062 3013 4133 etiam

931 4247 962 4282 ”⁵
998 4267 1063 4312 o,
1092 4245 1127 4299 d
1152 4247 1359 4298 abscisa.
1428 4309 1437 4312 -

935 4333 951 4363 ¹
990 4331 1333 4384 deliberatum
1359 4333 1439 4384 vel
1466 4330 1734 4384 decretum
1757 4333 1928 4383 codex.
