3459 5375
944 554 1063 613 272
1659 552 2006 617 RICHERI.
2037 554 2188 617 LIB.
2237 554 2343 615 IV.

1418 750 1778 811 LXXXVIII.
1799 785 1870 797 -—
1887 752 2241 825 Reprehensio
2254 750 2284 785 θ’
2317 750 2524 823 repudii
2539 750 2588 803 ¹⁸.

1043 913 1265 1010 Hujus
1287 914 1567 1013 repudii
1604 918 1857 1007 scelus,
1903 916 1982 989 a⁴
2034 914 2420 1006 nonnulliS,
2453 916 2572 1011 qui
2608 914 3074 1013 intelligentiae

942 1032 1249 1129 purioris
1290 1032 1509 1121 fuere,
1566 1034 1734 1105 satis
1768 1033 2152 1104 laceratum
2188 1056 2276 1103 eo
2319 1046 2643 1131 tempore
2689 1031 2843 1121 ffiit,
2891 1032 3072 1103 clam

946 1163 1210 1238 tamen,
1245 1174 1377 1220 nec
1402 1152 1673 1247 patenti
1716 1150 2220 1246 refragratione
2245 1147 2630 1247 culpatum.

1471 1368 1772 1423 LXXXIX.
1796 1398 1868 1410 —-
1889 1367 2118 1422 Sinodus
2143 1368 2316 1420 Chelae
2344 1366 2541 1419 hahita.

1044 1530 1267 1626 Hujus
1304 1532 1641 1630 temporis
1686 1530 1940 1603 diebus
1976 1557 2142 1603 cum
2178 1557 2221 1603 a
2258 1556 2445 1630 papa
2487 1553 2787 1601 romano
2833 1532 3066 1601 Bm...

948 1647 1297 1720 abdicatio
1339 1648 1608 1720 Arnulfi
1637 1664 1706 1719 et
1734 1650 2093 1748 promotio
2129 1649 2458 1721 Gerberti
2480 1647 2803 1746 plurimis
2831 1647 3076 1747 episto-

946 1764 1177 1837 larum
1228 1767 1502 1864 scriptis
1563 1760 2167 1839 calumniarentur
2184 1820 2203 1857 ,
2260 1766 2572 1865 episcopi
2628 1788 2916 1862 quoque
2976 1762 3078 1834 rei

948 1881 1360 1978 hujusmodi
1385 1898 1708 1955 auctores
1723 1937 1743 1972 ,
1776 1883 2124 1981 simulque
2152 1898 2222 1955 et
2256 1882 2372 1955 alii
2398 1896 2935 1979 cooperatoreS‚
2977 1880 3076 1949 di-

947 1997 1165 2068 versis
1224 1997 1891 2097 reprehensionibus
1941 1998 2560 2095 redarguerentur,
2614 1992 2878 2093 placuit
2927 1994 3080 2091 epi-

950 2115 1182 2211 scopis
1216 2114 1457 2186 Galliae
1493 2116 1566 2186 in
1613 2140 1840 2186 unum
1867 2117 2274 2205 convenire,
2319 2131 2390 2187 et
2421 2139 2634 2214 super
2669 2112 2808 2184 hac
2855 2136 3080 2211 repre·

948 2232 1297 2307 hensione
1333 2236 1750 2323 consulere„
1790 2235 2063 2325 Quibus
2108 2237 2340 2309 Chelae
2391 2234 2747 2325 collectiS,
2789 2232 3076 2305 sinodus

950 2350 1191 2424 habita
1226 2362 1353 2425 est.
1396 2354 1527 2425 Cui
1570 2380 1693 2425 rex
1731 2354 2108 2427 Rotbertus
2135 2353 2497 2451 praesedit,
2549 2342 3078 2425 considentibus

952 2466 1539 2569 metropolitanis,
1571 2470 1920 2544 Gerberto
1948 2460 2305 2564 Remensi,
2334 2472 2450 2543 cui
2477 2488 2628 2544 tota
2655 2466 3080 2543 sinodalium

950 2608 1324 2657 causarum
1390 2587 1568 2658 ratio
1632 2585 2070 2661 discutienda
2125 2590 2501 2662 commissa
2557 2588 2713 2679 fuit,
2793 2586 3077 2683 Signino

951 2725 1240 2800 quoque
1275 2705 1705 2794 Senonensi,
1759 2705 2276 2788 Erchembaldo
2304 2708 2682 2794 Turonic0,
2743 2702 3077 2775 Daiberto

954 2819 1386 2907 Bituricensi‚
1432 2820 1726 2918 aliisque
1755 2821 2018 2893 horum
2053 2820 2751 2922 comprovintialibus
2786 2818 3084 2892 nonnul-

953 2933 1061 3006 lis.
1104 2941 1185 3006 In
1210 2957 1354 3034 qua
1394 2953 1776 3036 postquam
1816 2964 1900 3010 ex
1945 2944 2232 3012 Patrum
2283 2939 2583 3012 decretis
2631 2939 2942 3013 rationes
2993 2937 3081 3008 de

952 3067 1140 3124 statu
1180 3071 1437 3127 sanctae
1470 3056 1798 3128 aecclesiae
1855 3057 2400 3157 promulgarunt
2421 3111 2442 3146 ,
2498 3059 2682 3129 inter
2739 3053 3081 3128 nonnulla

953 3169 1174 3257 utilia,
1209 3173 1542 3242 constitui
1577 3188 1646 3244 et
1674 3173 1999 3245 roborari
2030 3173 2317 3272 placuit,
2361 3190 2444 3246 ut
2473 3173 2566 3245 ab
2587 3198 2672 3246 ea
2710 3174 2853 3262 die,
2895 3172 3082 3244 idem

953 3287 1317 3376 sentirent,
1372 3287 1564 3359 idem
1616 3288 1903 3381 vellent,
1963 3290 2156 3362 idem
2207 3306 2787 3390 cooperarentur,
2837 3313 3085 3362 secun-

956 3400 1130 3474 dum
1164 3402 1236 3474 id
1258 3404 1458 3501 quod
1483 3405 1830 3504 scriptum
1859 3423 1964 3478 est
1994 3434 2009 3476 ε
2043 3412 2232 3478 Erat
2249 3410 2351 3480 eis
2369 3433 2492 3479 cor
2512 3433 2730 3478 aream
2755 3424 2826 3478 et
2843 3406 3084 3478 ant'ma

954 3545 1118 3588 ana.
1150 3523 1453 3591 Decerni
1478 3537 1549 3593 et
1574 3521 1750 3606 illud
1779 3523 2092 3608 voluere,
2126 3540 2204 3595 ut
2227 3525 2284 3594 si
2311 3527 2380 3594 in
2412 3525 2726 3622 qualibet
2749 3524 3077 3612 eccclesia,

954 3662 1420 3736 quaecumque
1465 3641 1762 3712 tirannis
1804 3656 2218 3739 emergeret,
2270 3668 2426 3740 quoe
2453 3644 2596 3716 telo
2627 3641 3084 3715 anathematis

957 3754 1269 3827 ferienda
1302 3755 1327 3792 ²
1368 3755 1753 3848 videretur,
1788 3757 1862 3828 id
1889 3759 2210 3856 inprimis
2244 3759 2340 3854 ab·
2361 3760 2696 3832 omnibus
2721 3758 3084 3832 consulen-

959 3870 1159 3962 dum,
1203 3887 1273 3943 et
1299 3874 1399 3943 sic
1424 3875 1794 3945 communi
1838 3874 2124 3946 decreto
2152 3876 2600 3972 agitandum3
2653 3890 2725 3947 et
2760 3875 2886 3973 qui
2925 3896 3082 3945 ana-

956 3986 1267 4058 themate
1318 3988 1680 4060 relaxandi
1718 3989 1952 4061 forent
1975 4045 1994 4080 ‚
2035 3990 2320 4063 decreto
2362 3992 2729 4063 communi
2775 3987 3085 4060 similiter

1028 4182 1061 4216 *
1095 4185 1200 4249 Re,
1225 4203 1283 4236 re
1305 4185 1511 4242 abscisa.

1029 4269 1045 4298 ⁸
1087 4287 1155 4321 an
1185 4269 1358 4322 codex.

1027 4351 1051 4382 ²
1082 4352 1373 4422 jugulanda
1396 4373 1521 4406 corr.
1550 4353 1802 4407 ferienda.
