3459 5375
906 564 990 623 92
1621 558 1952 621 RICHERI
1999 558 2145 622 LIB.
2187 560 2310 620 ΠΙ.

910 698 1311 765 Germanus
1335 692 1624 765 tandem
1651 692 1876 766 telum
1895 692 2273 790 jaculatuS‚
2305 690 2488 765 Galli
2522 692 2832 793 clipeum
2855 697 3050 792 gravi

908 811 1054 882 ictu
1094 810 1497 909 pertundit,
1532 811 1912 910 gladioque
1950 808 2212 883 educto
2238 834 2407 882 cum
2450 834 2701 908 urgere
2727 811 3040 902 instaret,

908 957 951 1006 a
984 932 1189 1005 Gallo
1226 936 1395 1007 mox
1428 933 1572 1006 telo
1614 934 1982 1033 obliquato
2019 933 2342 1007 confixus
2358 988 2377 1025 ‚
2419 949 2632 1031 atque
2669 934 2812 1006 vita
2845 935 2862 971 ⁴
2903 936 3044 1033 pri-

908 1067 1110 1124 vatus
1154 1068 1283 1124 est.
1317 1051 1563 1125 Gallus
1608 1052 1902 1126 victoria
1938 1052 2203 1152 potitus
2221 1106 2240 1143 ‚
2274 1050 2367 1123 ab
2389 1051 2597 1123 hoste
2624 1067 2827 1151 rapta
2852 1076 3048 1125 arma

906 1170 1293 1269 asportavit
1309 1222 1330 1261 ,
1378 1185 1591 1268 atque
1631 1171 1800 1243 duci
1838 1169 2116 1242 obtulit.
2153 1170 2276 1241 Vir
2305 1169 2502 1241 fortis
2528 1172 2900 1291 praemium
2925 1194 3049 1268 pe-

906 1286 1011 1358 tiit
1036 1301 1109 1357 et
1132 1286 1426 1385 accepit.

1084 1479 1679 1535 mvn—ottonis
1706 1500 1739 1535 a
1770 1480 2259 1553 Gallia’digrensio
2284 1482 2647 1551 suorumque*
2677 1480 2863 1552 ὤμ’.

1002 1623 1174 1693 Otto
1213 1618 1581 1694 Gallorum
1620 1622 2008 1693 exercitum
2057 1622 2318 1693 sensim
2363 1620 2600 1719 colligi
2644 1645 2792 1691 non
2847 1621 3045 1717 igno-

906 1760 1069 1809 rans
1088 1791 1109 1829 ‚
1154 1762 1367 1809 suum
1398 1739 1615 1809 etiam
1644 1753 1796 1809 tam
1831 1736 2050 1836 longo
2075 1738 2329 1811 itinere
2353 1761 2572 1836 quam
2595 1736 2908 1809 hostium
2933 1738 3042 1808 in-

903 1879 1116 1927 cursu
1167 1880 1379 1957 posse
1435 1856 1666 1927 minui
1716 1856 1946 1927 sciens
1967 1912 1986 1947 ,
2045 1854 2280 1928 redire
2331 1854 2682 1954 disponit3
2739 1869 2814 1926 et
2863 1853 3046 1925 datis

834 2030 839 2035 .
903 1970 1118 2069 signis
1162 1986 1393 2045 castra
1444 1986 1892 2045 amoverunt.
1956 1972 2290 2069 Angarias
2322 1996 2613 2070 quoque
2649 1969 3045 2043 accelerare
3090 1977 3094 1979 ’

902 2084 1133 2159 moliti
1162 2102 1370 2179 sunt3
1414 2087 1816 2185 amotisque
1861 2088 2200 2161 omnibus
2217 2142 2238 2180 ‚
2281 2086 2483 2162 ibant
2517 2108 2667 2159 non
2707 2088 3039 2185 segniter,

900 2224 1039 2275 nec
1076 2202 1231 2275 sine
1257 2216 1481 2275 metu.
1514 2206 1776 2277 Axonae
1801 2203 1994 2276 fluvii
2029 2203 2214 2278 vada
2247 2204 2658 2277 festinantes
2683 2202 2802 2276 alii
2823 2217 3044 2275 nans-

903 2319 1242 2391 miserant
1260 2372 1280 2408 ,
1338 2317 1455 2391 alii
1496 2343 1671 2391 vero
1720 2318 2300 2417 ingrediebantur
2315 2375 2335 2412 ‚
2393 2344 2560 2393 cum
2611 2321 2956 2393 exercitus
3001 2344 3044 2391 a

902 2460 1067 2534 rege
1116 2437 1372 2508 missus
1422 2461 1466 2508 a
1504 2451 1702 2535 tergo
1761 2436 2252 2509 festinantibus
2313 2437 2534 2510 affuit.
2586 2438 2728 2525 Qui
2779 2438 3043 2537 reperti

902 2554 1098 2626 filere
1118 2606 1139 2645 ,
1184 2578 1354 2627 mox
1380 2554 1629 2653 gladiis
1653 2555 1969 2627 hostium
2003 2556 2140 2628 fusi
2177 2570 2343 2628 sunt
2363 2608 2383 2645 ‚
2434 2555 2673 2654 plures
2708 2554 3002 2653 quidem
3016 2608 3036 2645 ,

902 2684 974 2742 at
997 2668 1197 2742 nullo
1219 2669 1517 2742 nomine
1542 2668 1737 2742 clari.
1767 2674 1938 2743 Otto
1965 2670 2237 2744 interea
2261 2696 2427 2743 cum
2455 2671 2766 2743 exercitu
2789 2670 3046 2769 digres-

903 2811 1022 2858 sus
1046 2841 1065 2878 ‚
1115 2786 1468 2884 Belgicam
1515 2787 1715 2885 petiit
1733 2840 1753 2877 ‚
1796 2786 2035 2886 ibique
2069 2773 2520 2886 procinctum
2559 2787 2806 2878 solvit3
2843 2802 3043 2860 tanto

901 2903 1143 2976 favore
1186 2919 1258 2977 et
1288 2901 1771 2975 benivolentia
1806 2903 2002 3001 apud
2035 2929 2202 2976 suos
2239 2929 2408 2977 usus
2431 2958 2452 2996 ‚
2497 2920 2578 2976 ut
2602 2906 2782 2977 sicut
2814 2905 3044 2976 immi-

901 3022 1101 3092 nenti
1135 3020 1490 3120 pericuIO,
1529 3021 1627 3092 ita
1668 3045 1961 3119 quoque
1989 3036 2059 3093 et
2101 3020 2437 3093 omnibus
2472 3023 2704 3124 capita
2731 3047 2884 3094 sese
2910 3021 3048 3093 ob-

893 3135 1209 3231 jecturos
1234 3137 1764 3237 pollicerentur.

1814 3310 2124 3364 LXXVIII.

994 3455 1371 3539 ,Lotbarius
1412 3457 1876 3531 considerans
1925 3463 2267 3531 Ottonem
2334 3484 2573 3558 neque
2625 3458 2810 3531 dolis
2861 3457 3004 3530 falli
3023 3514 3043 3550 ‚

904 3598 1139 3671 neque
1164 3573 1431 3646 viribus
1464 3599 1677 3677 posse
1718 3574 2044 3666 devinci,
2091 3600 2261 3674 sepe
2298 3591 2370 3648 et
2399 3575 2706 3647 multum
2744 3575 2938 3674 apud
2973 3600 3050 3648 se

903 3691 1299 3788 quaerebat,
1342 3707 1583 3764 utrum
1626 3694 1866 3793 potius
1906 3695 2088 3766 foret
2121 3709 2308 3766 stare
2345 3708 2596 3765 contra
2633 3693 2918 3766 hostem
2957 3718 3049 3765 an

904 3807 1344 3880 reconciliari
1384 3809 1596 3883 hosti.
1642 3813 1713 3882 Si
1741 3827 1959 3884 staret
1982 3826 2273 3902 contra,
2323 3779 2679 3908 cogitabat
2711 3809 3052 3909 possibile

906 3947 1059 3996 esse
1091 3923 1350 3996 ducem
1392 3926 1650 4025 opibus
1683 3929 2075 4026 corrumpi,
2114 3944 2187 4000 ct
2219 3930 2292 4000 in
2337 3929 2732 4002 amiciciam
2769 3929 3054 4000 Ottonis

902 4039 1147 4112 relabi.
1188 4042 1262 4112 Si
1296 4043 1873 4117 reconciliaretur
1898 4046 2112 4136 hosti,
2155 4044 2251 4117 id·
2274 4071 2428 4118 esse
2472 4044 3046 4134 accelerandum,

974 4259 1005 4294 ἢ
1041 4259 1159 4324 uia,
1185 4277 1249 4324 o,
1274 4277 1365 4325 su,
1390 4278 1454 4331 ga
1485 4260 1698 4312 abscisa.

977 4343 992 4373 ⁸
1033 4341 1189 4395 armis
1214 4361 1337 4394 corr.
1368 4345 1491 4396 vita.
