3459 5375
950 548 1067 645 ιὰο
1655 581 1988 679 Ricnssm
2035 582 2178 642 ms.
2225 582 2344 643 111.

941 710 1216 783 bitrans
1230 765 1249 802 ‚
1292 725 1650 811 sceptrum
1681 726 1753 783 et
1778 698 2123 786 coronam
2158 711 2290 784 sibi
2317 713 2613 811 paravit.
2658 712 2874 800 Quod
2907 713 3072 789 dum

944 854 986 900 a
1028 828 1892 929 Lotha1·io.expetendum
1933 830 2274 927 cogitaret
2291 884 2310 919 ,
2377 854 2685 927 eumque
2743 854 3071 905 concessa

946 943 1224 1041 Belgica
1247 944 1378 1015 sibi
1404 945 1669 1016 sotium
1686 958 1758 1016 et
1783 945 2092 1017 amicum
2117 944 2344 1017 facere
2370 944 2742 1017 moliretur
2762 999 2783 1036 ‚
2816 945 3070 1042 legatos

946 1062 1309 1161 praemisit,
1353 1062 1546 1162 apud
1564 1076 1746 1159 quos
1767 1116 1786 1153 ‚
1829 1068 2274 1156 sacrassmento
2301 1083 2687 1134 commune
2709 1061 3078 1159 negocium

946 1178 1371 1251 firmaretur.
1415 1183 1581 1267 Quo
1616 1180 1832 1252 etiam
1867 1194 2312 1278 sacramento
2331 1232 2350 1269 ‚
2393 1179 2674 1275 utrique
2716 1203 2914 1277 reges
2951 1178 3075 1275 sibi

945 1300 1491 1405 pollicerentur,
1534 1326 1683 1373 sese
1719 1325 1934 1398 super
1969 1300 2298 1373 Rhenum
2333 1300 2495 1372 loco
2531 1302 2916 1373 constituto
2953 1300 3076 1373 sibi

946 1436 1387 1501 occursuros,

1885 2017 2054 2071 xcv]
2065 2018 2118 2069 11
2127 2055 2139 2069 .

1046 2187 1321 2275 Quibus
1354 2212 1486 2288 per
1528 2187 1796 2285 legatos
1825 2189 2077 2283 juratis
2091 2242 2110 2277 ,
2165 2187 2541 2259 Lotharius
2597 2202 2923 2286 tempore
2960 2200 3088 2259 sta·

950 2324 1105 2382 tuto
1142 2334 1309 2401 cum
1345 2312 1657 2382 exercitu
1690 2322 1821 2408 per
1861 2310 2214 2407 Belgicam
2257 2310 2608 2381 transiens
2625 2362 2645 2395 ‚
2685 2333 2779 2380 ne
2815 2324 3086 2381 tenere-

949 2421 1067 2499 tur
1100 2429 1521 2499 sacramenti
1557 2427 1949 2518 obnoxius,
1999 2428 2093 2499 ad
2130 2427 2372 2511 locum
2413 2426 2642 2500 Rheni
2674 2425 3086 2500 condictum

950 2549 1258 2623 devenit.
1294 2550 1537 2621 Hezilo
1566 2576 1718 2623 sese
1747 2566 2072 2623 metuens
2096 2553 2168 2622 in
2193 2528 2660 2650 suspitionem
2683 2550 3086 2650 principum

949 2671 1192 2743 venire
1250 2672 1309 2743 si
1368 2660 1705 2754 Lothario
1759 2689 2163 2745 occurreret
2182 2727 2200 2764 ,
2266 2674 2408 2745 acsi
2457 2697 2624 2770 eum
2665 2674 2738 2744 in
2794 2697 3092 2782 regnum

858 2841 863 2846 -
948 2791 1265 2888 recipere
1308 2789 1558 2879 vellet,
1602 2791 1897 2892 perjurii
1936 2816 2134 2880 reuS‚
2185 2815 2562 2864 occurrere
2613 2773 2913 2862 distulit.
2973 2793 3098 2860 Lo-

950 2905 1223 2978 tharius
1272 2932 1349 2978 se
1387 2906 1674 2980 illusum
1712 2908 2090 2983 advertens
2143 2908 2389 2999 rediit,
2444 2933 2596 2980 non
2651 2923 2898 2982 tamen
2957 2909 3102 2980 sine

952 3023 1257 3100 difficilis
1288 3015 1555 3097 laboris
1598 3025 2092 3100 incommodo.
2143 3029 2322 3098 Nam
2359 3025 2584 3124 Belgae
2628 3029 2758 3127 per
2792 3050 3104 3124 quorum

950 3142 1274 3218 medium
1309 3166 1476 3214 cum
1522 3142 1839 3240 equitatu
1883 3144 2257 3242 transierat
2272 3197 2291 3234 ‚
2334 3143 2681 3240 indignati
2723 3142 3092 3234 transisse,

948 3260 1099 3332 vias
1146 3260 1591 3358 transpositis
1627 3259 2003 3332 arboribus
2055 3251 2458 3359 impe‘diunt
2481 3314 2498 3348 ,
2563 3275 2687 3346 aut
2737 3260 2944 3334 fossis
2996 3262 3095 3330 in-

951 3377 1199 3449 mersis
1242 3391 1675 3450 revertentes
1722 3375 2148 3476 prohibent3
2202 3403 2353 3449 non
2403 3393 2484 3449 ut
2526 3393 2772 3478 aperto
2833 3403 3090 3476 campo

952 3495 1358 3582 comminus
1412 3494 1790 3584 dimicent,
1845 3494 1972 3566 sed
2020 3509 2103 3566 ut
2143 3495 2256 3568 his
2299 3496 2828 3595 impedimentis
2881 3520 3095 3568 cunc-

952 3627 1180 3686 tantes
1210 3637 1251 3684 a
1278 3627 1474 3710 tergo
1511 3626 1844 3708 urgeant,
1887 3627 2012 3683 aut
2045 3615 2402 3710 montium
2425 3614 2626 3711 jugis
2659 3614 2925 3706 securi,
2967 3639 3095 3712 per

950 3729 1284 3802 inferiora
1320 3743 1766 3801 transeuntes
1805 3729 2188 3802 missilibus
2226 3716 2468 3828 figant.
2521 3736 2608 3803 Et
2651 3732 2818 3828 quia
2853 3745 3098 3828 aperta

876 3875 881 3886 ·
952 3847 1185 3919 fronte
1220 3862 1401 3918 stare
1438 3847 1681 3918 animo
1718 3871 1870 3918 non
1906 3847 2069 3937 fuit,
2111 3848 2446 3946 sagittarii
2487 3873 2656 3920 cum
2689 3846 3002 3919 arcubus
3027 3863 3097 3918 et

952 3964 1219 4070 balistis
1244 3987 1373 4061 per
1406 3977 1752 4035 montana
1789 3961 2113 4062 dispositi
2145 3979 2334 4036 sunt.
2387 3969 2580 4034 Dum
2615 3989 2786 4062 ergo
2833 3963 3096 4035 exerci-

953 4098 1067 4154 tus
1111 4081 1410 4169 subiret,
1465 4080 1565 4150 illi
1614 4104 1657 4151 a
1704 4065 2188 4180 superioribus
2233 4083 2408 4154 alios
2443 4082 2709 4180 sagittis
2753 4081 3090 4180 figebant,

956 4199 1131 4274 alios
1178 4198 1471 4270 diversis
1518 4196 1900 4269 missilibus
1946 4198 2376 4270 sauciabant.
2440 4205 2526 4270 At
2569 4199 2834 4270 tirones
2872 4197 3095 4270 sicubi

956 4317 1276 4388 ascensui
1302 4318 1627 4415 pervium
1650 4315 1890 4387 locum
1917 4315 2276 4407 videbant,
2311 4316 2382 4386 in
2395 4314 2823 4411 hujusmodi
2853 4315 3096 4386 hostes
