3459 5375
962 558 1081 622 146
1679 524 2011 623 mc‘mzm
2055 556 2206 617 Lm.
2241 556 2364 617 iv.

1207 992 1225 1035 k
1681 921 1753 973 V.
1779 950 1852 963 —-
1874 920 2063 974 obitus
2084 918 2388 973 Ludovici..
2443 952 2458 967 2

1050 1092 1197 1165 Rex
1231 1093 1468 1189 itaque
1496 1092 1880 1162 exercitum
1916 1090 2183 1162 amovit
2199 1143 2220 1179 ‚
2253 1076 2853 1187 'Silvanectimque
2880 1088 3092 1162 deve-

948 1209 1078 1280 nit.
1114 1208 1252 1279 Ubi
1294 1206 1469 1279 dum
1502 1208 1814 1279 aestivam
1855 1207 2314 1306 venationem
2347 1221 2704 1278 exerceret
2727 1260 2746 1297 ,
2777 1206 3092 1306 pedestri

944 1326 1151 1424 lapsu
1188 1321 1556 1415 decidens,
1602 1322 1830 1395 multo
1873 1324 2095 1421 epatis
2133 1321 2384 1394 dolore
2419 1338 2707 1395 vexatus
2740 1340 2869 1395 est.
2905 1328 3086 1396 Nam

945 1442 1113 1541 quia
1158 1442 1231 1513 in
1279 1454 1483 1540 epate
1516 1440 1874 1536 sanguinis
1915 1438 2196 1530 sedem,
2245 1438 2498 1538 phisici
2533 1440 2912 1538 perhibent
2931 1495 2951 1533 ,
2999 1464 3088 1514 ea

942 1558 1113 1631 sede
1142 1580 1514 1648 concussa,
1542 1557 1830 1653 sanguis
1863 1556 1939 1628 in
1966 1554 2445 1629 emathoicam
2471 1557 2918 1631 redundavit.
2952 1560 3084 1630 Cui

938 1676 1221 1773 sanguis
1270 1676 1605 1772 copiosus
1652 1696 1782 1771 per
1829 1696 2038 1745 nares
2085 1689 2156 1745 et
2200 1674 2436 1771 gulam
2483 1674 2871 1751 diffluebat.
2930 1679 3081 1747 Ma-

936 1792 1147 1865 millae
1171 1790 1541 1864 doloribus
1562 1789 1862 1863 assiduis
1882 1788 2372 1889 pulsabantur.
2403 1796 2666 1863 Fervor
2691 1792 2904 1863 totius
2927 1816 3082 1863 cor-

933 1908 1130 2007 poris
1168 1904 1629 1993 intolerabilis
1664 1929 1814 1976 non
1842 1903 2108 1977 deerat.
2145 1905 2354 1977 Unde
2391 1930 2540 2007 uno
2561 1920 2850 1978 tantum
2883 1930 3076 1978 anno

931 2026 1117 2121 patri
1138 2022 1532 2124 superstes,
1554 2028 1640 2109 ,Μ
1694 2022 1834 2093 kal.
1867 2022 2057 2095 Junii
2081 2020 2431 2113 defitiens,
2459 2037 2729 2094 naturae
2753 2021 3076 2095 debitum

930 2142 1162 2223 solvit.
1224 2143 1441 2240 Cujus
1502 2141 1850 2213 discessus
1867 2194 1888 2232 ,
1946 2165 2036 2213 eo
2100 2156 2426 2239 tempore
2485 2140 2740 2212 accidit
2804 2166 2950 2238 quo
3001 2157 3077 2213 et

928 2259 1460 2356 metropolitani
1482 2257 1810 2357 purgatio
1851 2256 1944 2329 de
1979 2256 2274 2354 objectis
2308 2256 2642 2331 habenda
2674 2272 2848 2329 erat.
2897 2256 3076 2329 Ade-

925 2391 1036 2447 rat
1072 2376 1284 2473 igitur
1319 2375 1734 2474 purgandus
1749 2428 1770 2466 ,
1823 2390 1895 2446 et
1939 2375 2146 2473 regiae
2181 2375 2527 2471 majestati
2561 2372 3062 2445 satisfacturus-

926 2492 1067 2564 Sed
1114 2494 1285 2592 regii
1329 2492 1595 2565 funeris
1641 2492 2039 2565 calamitate
2059 2546 2078 2583 ,
2139 2490 2276 2564 hac
2311 2492 2434 2565 lite
2487 2475 2864 2591 suppressa
2877 2546 2896 2583 ,
2939 2518 3078 2564 nec

924 2609 1403 2682 controversia
1457 2621 1691 2706 partes
1734 2605 2019 2700 habuit,
2082 2633 2218 2681 nec
2262 2633 2348 2680 ex
2392 2631 2476 2679 ea
2518 2605 2858 2705 juditium
2901 2630 3074 2706 pro-

924 2725 1319 2824 mulgatum
1386 2727 1539 2798 fuit.
1609 2726 1924 2798 Plurima
1988 2752 2161 2799 vero
2223 2725 2842 2798 commiseratione
2920 2727 3078 2824 ipse

924 2843 1302 2942 episcopus
1350 2841 1441 2914 de
1484 2857 1716 2914 morte
1765 2844 1947 2942 regis
2008 2856 2444 2941 conquestus
2504 2856 2632 2914 est.
2663 2847 3074 2940 *Postquam

924 2975 1165 3044 autem
1216 2959 1490 3056 regium
1542 2958 1755 3031 funus
1811 2973 2210 3050 curassent,
2269 2961 2704 3058 principum.
2730 2958 3018 3032 decreto
3045 3015 3066 3050 ,

924 3075 1352 3174 Compendii
1394 3076 1782 3148 tumulatus
1830 3093 1970 3168 est,
2025 3100 2194 3148 cum
2229 3077 2379 3175 ipse
2418 3076 2666 3148 vivens
2709 3101 2914 3147 secus
2947 3101 3072 3174 pa-

923 3185 1111 3264 trem'
1139 3192 1477 3266 tumulari
1507 3194 1808 3292 petierit.
1847 3193 1932 3266 ld
1974 3209 2214 3266 autem
2255 3193 2584 3266 consulto
2635 3192 2902 3264 factum
2935 3209 3066 3284 est,

921 3333 1015 3381 ne
1042 3308 1219 3381 dum
1247 3311 1521 3384 itineris
1557 3310 2078 3408 longitudinem
2114 3327 2368 3384 eorum
2401 3311 2857 3411 quamplures
2892 3313 3068 3383 vita·

923 3441 1084 3498 rent
1104 3480 1125 3517 ‚
1156 3442 1231 3500 et
1263 3452 1323 3499 a·
1348 3453 1425 3504 se
1450 3428 1655 3500 divisi
1681 3428 2164 3520 discederent,
2207 3431 2310 3502 rei
2344 3429 2646 3529 publicae
2686 3429 3064 3502 utillimum

923 3543 1323 3618 differretur
1366 3547 1798 3619 consultum.
1859 3547 2129 3621 Placuit
2175 3549 2415 3646 itaque
2463 3564 2630 3621 ante
2675 3549 3060 3621 discessum

920 3665 1331 3754 convenire,
1372 3680 1443 3736 et
1478 3691 1564 3738 ex
1602 3668 1799 3762 regni
1825 3666 2227 3739 commodis
2252 3657 2643 3740 consulere.
