3459 5375
847 531 968 591 174
1571 529 1905 592 menam
1950 529 2100 619 ¹2¹ss-
2151 529 2259 589 ιν.

844 664 1255 762 consopitos
1275 662 1801 735 intellexissent
1821 717 1840 754 ,
1880 663 2065 736 faces
2102 662 2347 740 castris
2382 662 2762 732 immisere.
2806 663 2998 746 Quo·

841 807 1006 853 rum
1031 780 1342 852 incendii
1367 780 1566 851 fumo
1593 804 1714 851 aer
1740 779 2102 870 densatuS,
2134 804 2285 851 non
2311 777 2545 849 solum
2570 776 2995 848 intuentium

841 900 1109 972 visibus
1148 915 1328 972 tetra
1365 898 1733 996 nigredine
1769 897 2128 989 obstabat,
2189 913 2262 969 at
2298 897 2493 995 gravi
2540 919 2810 993 vapore
2858 919 2997 966 na-

845 1019 1037 1089 rium
1085 1033 1157 1089 et
1204 1017 1516 1088 faucium
1565 1032 1839 1088 meatus
1897 1015 2437 1087 intercludebat.
2502 1012 2779 1084 Pedites
2829 1037 2997 1082 mox

791 1117 794 1122 Ι
846 1135 1257 1226 vociferari,
1301 1135 1626 1232 clangere
1653 1134 1909 1205 milites
1946 1159 2223 1234 cepere.
2266 1137 2410 1204 Rex
2438 1146 2509 1204 et
2550 1132 2675 1228 qui
2712 1155 2880 1202 cum
2908 1155 2996 1202 eo

844 1270 1050 1328 erant
1083 1255 1601 1329 elementorum
1637 1256 2057 1328 confusione
2092 1255 2463 1352 multoque
2489 1254 2807 1324 virorum
2854 1251 2999 1324 cla-

847 1397 1050 1445 more
1085 1387 1159 1443 et
1192 1371 1526 1444 tubarum
1562 1371 1893 1470 clangore
1925 1372 2188 1444 turbati
2201 1425 2220 1462 ,
2270 1370 2362 1441 ab
2389 1368 2567 1441 urbe
2594 1366 2797 1440 sedes
2836 1391 2997 1438 mu·

848 1504 1112 1561 tavere.
1157 1493 1337 1560 Nam
1385 1503 1612 1566 castra
1664 1514 1833 1560 cum
1880 1471 2057 1560 cibis
2104 1504 2176 1561 et
2226 1487 2441 1560 rebus
2488 1485 2823 1558 omnibus
2872 1483 2999 1556 ab·

849 1621 1144 1704 sumpta
1167 1605 1474 1677 videbat.
1531 1605 1739 1676 Unde
1778 1607 2168 1678 exercitum
2210 1604 2304 1677 ad
2340 1611 2622 1706 tempus
2662 1602 3003 1674 reducere

849 1720 1232 1820 disposuit,
1264 1735 1346 1791 ut
1392 1719 1703 1791 reditum
1738 1719 2201 1819 amplioribus
2240 1719 2463 1818 copiis
2508 1732 2673 1817 post
2702 1739 2997 1816 appara-

848 1853 986 1910 ret.·
1015 1843 1190 1926 Quae
1226 1839 1466 1909 omnia
1505 1837 1783 1934 augusti
1810 1852 2133 1937 tempore
2158 1851 2435 1936 patrata
2461 1851 2649 1908 sunt.

1203 2049 1410 2102 XXIV.
1437 2041 1508 2090 ἐ-
1530 2049 1718 2103 Obitus
1741 2048 2086 2104 Adalberonis
2105 2049 2139 2085 ³⁸⁵
2170 2050 2560 2122 metropolitani
2574 2051 2627 2102 *.

947 2203 1071 2274 His
1090 2202 1189 2274 ita
1224 2203 1457 2299 gestiS‚
1490 2229 1639 2276 non
1658 2204 1887 2277 multo
1911 2220 2077 2304 post
2100 2203 2688 2303 metropolitanus
2714 2204 2787 2274 in
2814 2204 2997 2301 egri-

846 2318 1174 2391 tudinem
1211 2319 1583 2411 decidens,
1625 2345 1784 2418 quae
1829 2347 1871 2392 a
1918 2323 2163 2394 Grecis
2205 2347 2472 2394 causon
2515 2346 2557 2392 a
2600 2321 2861 2393 Latinis
2885 2321 2995 2392 in-

849 2434 1188 2506 cendium
1215 2435 1499 2532 dicitur,
1542 2462 1671 2537 per
1704 2437 1971 2535 legatos
1998 2417 2171 2536 regi,
2206 2454 2377 2510 tunc
2407 2439 2644 2510 Parisii
2679 2463 2998 2512 commo-

850 2550 1058 2640 ranti,
1095 2549 1433 2622 indicavit
1452 2604 1471 2641 ,
1505 2575 1656 2622 sese
1691 2553 1765 2623 in
1802 2578 2087 2649 gravem
2114 2552 2575 2625 valitudinem
2612 2551 2990 2644 decidisse3

851 2665 1045 2738 unde
1083 2681 1152 2740 et
1191 2667 1257 2739 ei
1284 2649 1821 2760 maturandum,
1855 2695 1947 2740 ne
1986 2669 2286 2742 Karolus
2311 2671 2434 2768 qui
2459 2685 2693 2743 cetera
2738 2673 2996 2744 Remos

851 2785 1065 2856 etiam
1089 2784 1532 2883 pervaderet.
1577 2789 1721 2857 Rex
1748 2787 1986 2858 accitis
2008 2789 2133 2885 qui
2168 2786 2496 2879 aderant,
2530 2813 2699 2858 mox
2723 2788 2825 2859 ire
2852 2787 2994 2859 dis-

849 2903 1110 2998 posuit.
1171 2906 1334 2989 Quo
1390 2904 1464 2975 in
1522 2904 1774 2975 itinere
1838 2904 2345 3003 aliquantisper
2400 2905 2725 2977 tardante
2744 2960 2763 2995 ,
2828 2930 2994 2976 cum

849 3018 1438 3117 metropolitanus
1472 3020 1967 3093 insomnietate
2024 3021 2377 3119 simulque
2420 3037 2491 3093 et
2533 3022 2789 3093 mentis
2832 3021 2996 3094 alie-

849 3136 1138 3209 natione
1175 3138 1477 3209 nimium
1502 3154 1901 3243 vexaretur,
1949 3139 2288 3237 nullaque
2338 3140 2497 3211 crisi
2545 3164 2795 3211 omnes
2844 3138 2997 3211 dies

849 3257 1149 3326 creticos
1191 3256 1358 3327 huic
1401 3256 1778 3354 egritudini
1827 3256 2250 3330 commodos
2290 3258 2709 3363 praeteriret,
2768 3256 2995 3329 disso-

847 3368 1012 3441 lutis
1079 3370 1444 3443 elementis
1518 3372 1839 3445 debitum
1910 3373 2369 3445 humanitatis
2440 3380 2530 3447 ⁴0
2600 3372 2741 3443 kal.
2810 3371 2986 3444 febr.

846 3484 1164 3557 exsolvit.
1200 3491 1360 3574 Qua
1386 3486 1502 3558 die
1529 3513 1651 3559 rex
1689 3490 2150 3587 tempestivus
2196 3489 2627 3579 adventans,
2661 3487 2838 3560 urbe
2885 3514 2995 3559 re-

847 3618 1094 3702 ceptus
1139 3609 1383 3683 est.,1n
1426 3606 1775 3703 exsequiis
1808 3608 2020 3679 etiam
2059 3606 2413 3707 pontificis
2454 3606 2763 3704 plurima
2800 3630 2995 3676 com·

847 3720 1300 3792 miseratione
1323 3720 1735 3794 condoluit.
1780 3726 1925 3795 Nec
1975 3748 2146 3794 vero
2197 3723 2348 3794 sine
2386 3722 2692 3794 lacrimis
2724 3721 2996 3818 aliquot

847 3836 938 3909 de
994 3862 1080 3909 eo
1131 3838 1614 3934 querimonias
1647 3838 1933 3931 habuit;
1984 3865 2247 3937 corpus
2288 3864 2577 3937 quoque
2614 3838 2839 3909 multo
2863 3837 2994 3909 ho·

846 3977 1026 4024 nore
1075 3954 1450 4055 sepulturae
1498 3954 1716 4027 dedit.
1780 3958 1982 4028 Cives
2032 3957 2331 4029 domino
2390 3956 2759 4028 destitutos
2818 3957 2996 4027 mira

845 4070 1324 4143 benivolentia
1350 4071 1614 4144 solatus
1642 4089 1768 4145 est.
1808 4075 1949 4161 Qui
1984 4074 2075 4147 de
2103 4074 2437 4147 fidelitate
2468 4076 2613 4172 regi
2650 4074 2995 4145 servanda

917 4292 942 4324 Ῥ
982 4295 1124 4358 albe,
1156 4314 1261 4365 opo
1315 4295 1521 4346 abscisa.
