3459 5375
959 543 1081 602 232
1667 543 2001 604 RICHERI
2048 543 2198 606 LlB.
2248 545 2355 604 lv.

965 705 1006 745 «
1043 689 1238 750 tutus
1253 729 1275 769 ‚
1315 693 1396 749 ut
1430 690 1502 749 et
1547 678 1694 776 regi
1741 675 1958 750 fidem
1976 732 1995 768 ‚
2044 691 2118 750 et
2156 678 2451 751 Arnulfo
2486 705 2575 754 ex
2600 687 3092 782 consanguini-

963 821 1000 860 «
1040 807 1182 866 tate
1208 793 1662 867 dilectionem
1688 794 1970 868 debeat.
2004 795 2214 868 Unde
2258 812 2330 869 et
2377 797 2637 870 nullius
2671 799 2821 872 doli
2867 806 3089 902 suspi-

963 939 1002 979 «
1039 913 1238 984 tione
1271 914 1624 986 tenendus
1670 915 1803 986 erit
1820 968 1839 1004 ‚
1893 938 2110 1011 quem
2150 912 2449 988 fidelitas
2483 915 2758 989 domini
2792 919 2887 991 ad
2906 919 3091 1016 judi-

965 1058 1002 1098 «
1043 1031 1222 1101 tium
1247 1029 1598 1122 incitabit,
1631 1046 1703 1103 et
1738 1032 1989 1105 caritas
2014 1031 2323 1130 proximi
2346 1057 2391 1104 a
2428 1033 2910 1108 malivolentia
2934 1063 3093 1136 pro-

965 1175 1002 1215 «
1040 1145 1334 1220 hibebit.
1373 1175 1410 1216 »

1551 1329 1757 1382 Lvln.
1780 1359 1853 1371 --
1878 1331 2169 1402 Responsio
2198 1331 2481 1383 Brunonis.

1055 1487 1163 1559 Ad
1195 1486 1332 1559 hec
1355 1493 1596 1561 Bruno
1620 1491 1999 1589 episcopus
2028 1515 2045 1558 ε
2086 1516 2123 1556 «
2152 1490 2492 1580 Mentem,
2524 1517 2562 1557 >2
2592 1489 2845 1586 inquit,
2882 1519 2922 1558 α
2944 1515 3095 1564 ves-

963 1633 1000 1671 «
1041 1599 1226 1674 tram
1273 1605 1440 1678 satis
1485 1606 1698 1705 plane
1756 1605 2095 1702 intelligo·
2146 1605 2277 1676 Hic
2320 1605 2446 1704 qui
2494 1631 2657 1678 reus
2714 1609 3095 1705 majestatis

962 1748 999 1786 ι(
1038 1737 1408 1794 accusatur
1451 1723 1682 1795 carnis
1717 1721 2056 1795 affinitate
2102 1720 2277 1793 mihi
2318 1722 2484 1819 conj
2493 1705 2801 1820 ungitur,
2844 1741 3097 1826 utpote

962 1866 999 1904 «
1041 1838 1376 1910 avunculi
1425 1841 1566 1912 mei
1624 1838 1939 1912 Lotharii
1987 1840 2169 1936 regis
2218 1838 2428 1911 filius.
2486 1839 2693 1913 Unde
2741 1857 2814 1913 et
2862 1858 3095 1916 vestra

963 1981 1001 2022 ι(
1039 1953 1436 2053 benignitas
1460 1956 1637 2027 mihi
1671 1955 1827 2029 fleri
1860 1955 2192 2053 injuriam
2219 1957 2470 2030 metuit
2501 1957 2519 1994 ⁴
2538 2012 2558 2048 ,
2600 1960 2658 2029 si
2684 1958 2986 2058 dignum
3005 1961 3093 2036 de

964 2099 1002 2140 κ
1041 2097 1131 2144 eo
1158 2099 1201 2145 a
1245 2073 1452 2146 vobis
1495 2074 1896 2173 proferatur
1922 2073 2285 2171 juditium.
2340 2073 2482 2146 Sed
2524 2074 2729 2164 absit,
2770 2091 2852 2148 ut
2900 2101 3096 2149 amo·

963 2219 1003 2258 α
1041 2215 1198 2262 rem
1253 2191 1882 2288 consanguinitatis
1946 2190 2205 2263 Christi
2264 2213 2510 2262 amore
2569 2191 3095 2291 praeciosiorem

961 2337 1000 2377 «
1037 2306 1369 2380 habeam.
1435 2312 1607 2382 Rem
1663 2307 1861 2381 unde
1915 2309 2143 2406 agitur
2192 2307 2524 2380 sanctitas
2578 2323 2813 2380 vestra
2854 2308 3095 2381 subtili

961 2455 998 2494 κ
1039 2425 1373 2524 indagine
1409 2451 1690 2498 mecum
1736 2426 2086 2498 discutiat.
2144 2430 2253 2498 De
2286 2425 2889 2500 condemnatione
2924 2451 3095 2499 con·

963 2571 1000 2611 «
1038 2545 1229 2615 victo
1285 2543 1654 2616 inferenda
1699 2543 1881 2616 nihil
1930 2557 2357 2633 metuenteS,
2390 2567 2556 2614 cum
2594 2567 2793 2640 aeque
2820 2544 3093 2639 justum

963 2692 998 2731 «
1037 2662 1161 2755 sit,
1227 2675 1301 2735 et
1360 2687 1564 2735 reum
1618 2661 2001 2759 majestatis
2066 2659 2390 2733 damnari
2407 2714 2428 2751 ‚
2495 2675 2567 2732 et
2634 2661 3093 2735 innocentem

965 2814 1002 2852 «
1041 2784 1284 2857 laxari.
1323 2814 1361 2853 n

954 2982 1100 3035 ux.
1119 3011 1192 3024 —-
1205 2982 1594 3035 Demonstratio
1615 2978 1845 3033 Ratbodi
1864 2980 1897 3015 ¹*
1912 3020 1931 3046 ,
1968 2979 2117 3051 quod
2146 2980 2381 3032 libellum
2395 2979 2429 3013 '²
2456 2978 2778 3035 infidelitatis
2803 2982 3039 3055 episcopi
3058 2984 3091 3019 ⁸

1389 3071 1813 3126 Lothariensium
1834 3071 1867 3107 ὓ
1890 3090 2169 3147 perperam
2183 3074 2215 3106 ἦ*
2240 3070 2647 3125 calumnientur.
2700 3094 2711 3111 κ

1051 3229 1441 3320 Ratbodus,
1485 3229 1979 3302 Noviomensis
2006 3229 2407 3328 episcopua,
2432 3228 2640 3303 dixit:
2665 3256 2701 3298 «
2722 3230 2797 3302 Si
2819 3230 3085 3328 placet,

957 3377 992 3416 «
1031 3362 1270 3445 patres
1335 3346 1708 3419 reverendi
1726 3400 1748 3436 ‚
1813 3344 2133 3418 libellum
2192 3344 2548 3418 fidelitatis
2568 3400 2588 3437 ,
2649 3344 2741 3416 ab
2794 3345 3087 3419 Arnulfo

957 3494 992 3531 α
1034 3462 1406 3562 quondam
1462 3462 1746 3561 regibus
1794 3462 1886 3535 de
1935 3462 2270 3535 habenda
2320 3462 2465 3535 fide
2536 3476 2949 3563 porrectum
2970 3518 2989 3555 ,
3046 3490 3087 3536 a

956 3610 995 3649 «
1033 3579 1239 3653 vobis
1265 3606 1460 3652 nunc
1499 3579 2027 3652 discutiendum
2052 3594 2259 3679 puto.
2288 3580 2589 3652 Videtur
2622 3582 2815 3652 enim
2838 3634 2858 3673 ,
2891 3580 3087 3679 quod

959 3726 996 3766 κ
1035 3696 1228 3770 solus
1261 3698 1337 3768 in
1387 3697 1538 3794 ejus
1582 3697 2093 3797 dampnatione
2129 3695 2461 3788 sufficiat,
2507 3722 2595 3768 eo
2642 3697 2843 3795 quod
2870 3696 3087 3769 fidem

955 3843 992 3883 «
1026 3814 1208 3911 jurej
1218 3817 1492 3886 urando
1543 3814 1971 3913 promissam
1992 3866 2013 3905 ,
2072 3827 2144 3885 et
2181 3836 2437 3885 manus
2486 3813 2751 3911 scripto
2794 3810 3086 3883 robora·

955 3962 992 4002 «
1035 3946 1183 4003 tam
1205 3984 1224 4021 ,
1285 3930 1650 4027 sacrilegio
1684 3928 1977 4029 perjurii
2032 3930 2317 4029 penitus
2358 3927 2750 4002 violaverit.
2796 3928 2938 4000 Sed
2982 3942 3086 4000 est

955 4080 993 4121 α
1037 4046 1382 4149 quiddam
1416 4046 1617 4145 quod
1641 4045 2045 4137 remordet,
2088 4046 2290 4144 quod
2324 4046 2587 4119 scilicet
2612 4070 2655 4117 a
2678 4045 3087 4121 Lotharien-

1021 4242 1052 4276 ³
1095 4240 1269 4292 Ratbo
1289 4278 1305 4304 ,
1329 4240 1526 4292 bellum
1545 4277 1562 4305 ,
1586 4235 1820 4311 episcopi
1848 4236 1921 4303 L,
1940 4252 2217 4308 perperam
2239 4234 2447 4286 abscisa.

1021 4324 1040 4355 ¹
1083 4322 1242 4376 metui
1267 4321 1378 4375 cod.
