3459 5375
823 586 900 645 10
1547 579 1883 645 RIGHERI
1925 580 2078 646 LIB.
2124 581 2243 645 111.

817 738 980 786 rum
1027 738 1212 812 quos
1255 714 1410 815 ipse
1451 715 1530 787 in
1571 716 1991 791 militaribus
2038 716 2465 789 instruxerat
2510 713 2782 815 dirigit,
2833 720 2959 817 qui

815 829 958 902 loci
992 825 1490 905 habitudinem
1525 834 1976 934 militumque
2008 854 2432 924 numm,
2472 856 2714 907 rerum
2746 835 2959 909 etiam

815 947 1178 1021 fortunam
1224 972 1310 1021 ac
1357 948 1790 1023 famulorum
1834 952 2101 1025 exitum
2118 1004 2141 1042 ,
2189 949 2625 1049 vigilumque
2666 950 2961 1051 diligen-

817 1065 1027 1157 tiam,
1085 1067 1486 1141 cautissime
1537 1068 2015 1142 considerent.
2077 1068 2489 1142 Procedant
2526 1070 2766 1168 itaque
2812 1068 2962 1143 duo

816 1196 1098 1254 tantum
1154 1182 1230 1252 in
1284 1182 1534 1256 habitu
1593 1184 2070 1284 paupertin0‚
2140 1207 2225 1256 ac
2280 1208 2511 1283 usque
2569 1184 2662 1256 ad
2712 1184 2963 1284 oppidi

815 1318 1103 1402 portam
1135 1302 1576 1379 deveniunt.'
1608 1304 2169 1381 Exstruebantur
2202 1320 2375 1379 tunc
2411 1306 2599 1379 muri
2634 1332 2767 1408 per
2804 1306 2965 1381 loca

815 1418 1216 1519 potioribus
1239 1420 1577 1497 aedificiis.
1626 1424 1835 1497 Unde
1861 1439 1933 1498 et
1967 1422 2289 1523 lapidum
2314 1423 2775 1523 caementique
2797 1450 2966 1525 por·

815 1538 1062 1621 titores
1075 1592 1096 1631 ,
1150 1563 1335 1638 saepe
1367 1564 1500 1640 per
1530 1555 1817 1637 portam
1843 1537 2424 1639 egrediebantur,
2472 1538 2966 1639 regredieban-

815 1670 1074 1753 turque
1109 1669 1454 1754 praesente
1483 1679 1739 1728 eorum
1763 1658 1889 1755 qui
1913 1656 2119 1756 operi
2149 1655 2577 1756 praesidebat
2596 1656 2615 1693 ¹
2636 1711 2654 1727 .
2695 1656 2968 1730 Adsunt

817 1769 1300 1871 exploratores
1318 1825 1339 1864 ,
1395 1786 1472 1845 et
1518 1771 1613 1843 ad
1664 1773 2274 1873 comportandum
2327 1772 2603 1873 lapides
2660 1772 2971 1846 offerunt
3005 1797 3013 1805 ·

817 1914 993 1961 sese.
1037 1893 1488 1989 Deputantur
1512 1889 1752 1987 operi,
1803 1887 2157 1987 daturque
2182 1890 2285 1963 eis
2308 1888 2673 1963 clitellaria
2696 1904 2961 1989 sporta.

721 2060 728 2067 -
816 2009 1289 2104 Comportant
1337 2005 1578 2104 itaque
1625 2021 2055 2080 caementum
2102 2031 2187 2079 ac
2244 2005 2517 2105 lapides
2535 2060 2556 2099 ,
2622 2030 2707 2079 ac
2764 2030 2971 2079 num·
3071 1996 3074 1999 '

818 2147 978 2195 mos
1009 2122 1037 2159 ²
1086 2121 1404 2220 singulos
1453 2121 1712 2218 singuli
1766 2122 1844 2193 in
1893 2121 2046 2195 dies
2092 2121 2474 2220 accipiunt.
2528 2126 2708 2193 Ante
2742 2120 2970 2194 domi-

817 2263 990 2311 nam
1015 2240 1230 2313 etiam
1263 2262 1432 2311 cum
1463 2237 1749 2311 latomis
1785 2252 1858 2311 et
1890 2240 2353 2311 caementariis
2376 2238 2490 2310 bis
2517 2235 2730 2310 cibati
2764 2254 2963 2331 sunt,

704 2392 712 2400 ·
816 2354 1097 2427 curiose
1131 2353 1376 2426 omnia
1410 2352 2001 2453 contemplantes.
2053 2353 2379 2427 Dominae
2425 2353 2641 2426 etiam
2682 2351 2971 2426 cubicu-
3016 2444 3024 2452 .

817 2469 970 2542 lum
987 2526 1006 2563 ‚
1039 2470 1335 2569 ejusque
1361 2486 1698 2543 natorum
1715 2470 2217 2544 diverticulum
2231 2524 2252 2563 ,
2292 2470 2423 2547 sed
2448 2484 2519 2544 et
2538 2470 2971 2543 famulorum

817 2612 1180 2688 egressum
1235 2603 1310 2661 et
1363 2612 1763 2688 regressum
1785 2643 1806 2682 ,
1871 2589 2380 2688 actionumque
2431 2602 2925 2688 tempestatem
2946 2642 2967 2681 ,

821 2707 942 2779 ubi
983 2708 1198 2779 etiam
1243 2706 1596 2806 oppidum
1627 2703 1905 2779 insidiis
1946 2707 2170 2805 magis
2208 2721 2446 2807 pateat
2464 2759 2487 2798 ,
2534 2705 2761 2779 multa
2798 2730 2971 2778 con-

820 2823 1248 2898 sideratione
1283 2838 1692 2924 pernotant.
1751 2828 1843 2896 Et
1884 2822 2136 2899 diebus
2181 2839 2496 2924 quatuor
2538 2823 2965 2915 consumtiS,

823 2941 977 3014 dies
1034 2941 1457 3014 imminebat
1479 2941 1505 2980 ³
1581 2941 1972 3014 dominica.
2040 2942 2297 3040 Sicque
2356 2957 2649 3042 accepta
2707 2940 2973 3014 laboris

821 3057 1151 3132 mercede
1182 3057 1238 3150 ⁴,
1279 3058 1372 3131 ab
1408 3083 1628 3159 opere
1659 3059 1877 3132 soluti
1911 3073 2102 3134 sunt.
2152 3057 2476 3132 Redeunt
2510 3058 2723 3158 igitur
2746 3057 2973 3131 omni-
3022 3159 3027 3163 ρ

822 3174 958 3247 bus
991 3174 1403 3274 exploratis,
1453 3199 1538 3247 ac
1573 3175 1762 3272 patri
1794 3199 1961 3247 meo
1998 3173 2165 3248 talia
2196 3171 2541 3248 referunt.

1840 3346 1941 3399 IX.

925 3452 1049 3526 Ille
1100 3455 1175 3524 in
1228 3453 1451 3527 multa
1503 3479 1631 3553 spe
1679 3455 1924 3526 omnia
1968 3477 2249 3553 ponens
2266 3507 2287 3542 ‚
2354 3452 2598 3549 regina
2648 3449 2968 3539 conscia,

829 3597 998 3645 cum
1031 3569 1310 3644 duabus
1347 3571 1764 3645 cohortibus
1808 3569 2163 3670 oppidum
2197 3567 2346 3642 adit
2360 3623 2380 3660 ,
2430 3593 2515 3640 ac
2549 3563 2975 3640 ducentibus

830 3690 912 3760 iis
947 3712 1130 3786 quos
1163 3687 1596 3786 praemiserat
1611 3739 1630 3777 ‚
1680 3711 1811 3786 per
1844 3685 2089 3759 locum
2120 3698 2648 3784 competentem
2681 3693 2973 3751 noctur·

831 3831 968 3878 nus
1010 3805 1426 3902 ingreditur.
1481 3810 1730 3878 Portas
1783 3819 1857 3877 et
1888 3806 2115 3877 exitus
2166 3829 2419 3877 omnes
2465 3797 2791 3902 pervadit
2808 3853 2827 3890 ‚
2892 3821 2976 3869 ac

831 3920 1162 3996 custodes
1176 3976 1197 4014 ,
1236 3945 1330 3993 ne
1357 3923 1518 4019 quis
1545 3917 1866 4020 effugiat,
1898 3922 2214 4022 deputat.
2258 3927 2415 4021 lpse
2444 3918 2538 3993 ad
2563 3917 2975 3992 cubiculum

907 4137 923 4166 ¹
964 4132 1179 4188 custode
1202 4151 1328 4186 corr.
1355 4134 1448 4204 qui
1475 4133 1622 4205 operi
1651 4134 1981 4260 praesidebat.

901 4203 1908 4330 P'imess‘drss?'i‘31’2‘„“1”1„{i‚‘i‘t‘d⁰¹¹³¹¹⁰⁵
1926 4210 1967 4276 )

909 4349 930 4378 ⁴
907 4279 1221 4418 :iper-isco
1161 4347 1340 4419 precio
1377 4351 1424 4400 1.
