3459 5375
713 564 728 589 .-
863 534 945 593 62
1603 532 1936 598 RIGHERI
1980 534 2131 595 LlB.
2180 535 2299 597 111.

865 666 1403 763 grammaticum
1415 694 1446 757 ,ς
1509 666 1606 739 ibi
1669 668 1861 739 enim
1924 666 2075 741 haec
2134 670 2303 741 satis
2363 666 3001 771 habundanterque

863 796 1156 855 tractata
1188 782 1521 856 inveniet.

1151 1748 1267 1807 LV.
1293 1783 1367 1796 —
1385 1754 1548 1809 Fama
1576 1752 1820 1809 Ger-berti
1842 1773 1939 1828 per
1959 1756 2155 1811 Gallias
2177 1769 2231 1811 et
2250 1757 2457 1813 Italiam
2484 1756 2697 1813 diffusa.

957 1908 1299 1985 Fervebat
1335 1912 1610 2003 studiis,
1659 1937 2145 2013 numerusque
2179 1913 2695 2013 discipulorum
2733 1916 2807 1986 in
2852 1912 3004 1986 dies

859 2026 1328 2100 aoeoesoebat.
1359 2034 1635 2102 Nomen
1663 2030 1879 2101 etiam
1914 2032 2093 2103 tanti
2119 2029 2434 2104 doctoris
2460 2030 2815 2105 ferebatur
2849 2054 3001 2101 non

859 2142 1097 2214 solum
1129 2168 1260 2242 per
1283 2144 1543 2218 Gallias
1571 2144 1700 2219 sed
1723 2146 1939 2218 etiam
1964 2171 2095 2244 per
2116 2148 2513 2219 Germaniae
2550 2145 2861 2246 populos
2898 2143 3003 2216 di-

859 2260 1233 2367 latabatur.
1266 2264 1704 2363 Transiitque
1738 2289 1869 2363 per
1904 2262 2139 2362 AlpeS,
2183 2288 2267 2335 ac
2303 2261 2780 2335 diffunditur
2762 2287 2838 2333 ιιι
2873 2266 3002 2333 Ita-

859 2378 1065 2471 liam,
1115 2403 1342 2477 usque
1374 2378 1799 2452 Thirrenum
1834 2396 1905 2452 et
1945 2379 2400 2451 Adriaticum.
2444 2383 2608 2467 Quo
2648 2394 2995 2477 tempore,

861 2497 1196 2567 Otricus
1177 2521 1253 2567 ιιι
1293 2497 1644 2568 Saxonia'
1626 2495 1917 2593 msignis
1937 2494 2359 2567 habebatur.
2398 2496 2531 2567 Hic
2562 2518 2731 2567 cum
2771 2494 3004 2594 philo-

860 2612 1070 2715 sophi
1129 2612 1391 2685 famam
1444 2612 1778 2704 audisset,
1840 2611 2381 2712 adverteretque
2427 2612 2629 2711 quod
2678 2614 2753 2684 in
2802 2613 3003 2684 omni

860 2729 1336 2828 disputatione
1357 2783 1377 2821 ,
1429 2745 1583 2802 rata
1637 2755 1881 2802 rerum
1931 2729 2282 2802 divisione
2333 2745 2647 2802 uteretur
2666 2786 2686 2822 ,
2753 2729 3003 2828 agebat

860 2846 1057 2947 apud
1075 2873 1271 2940 suOS,
1308 2860 1388 2919 ut
1412 2846 1664 2945 aliquae
1694 2871 1938 2918 rerum
1966 2847 2352 2920 divisarum
2379 2846 2643 2946 figurae,
2674 2846 2767 2919 ab
2793 2847 3003 2919 scolis

859 2964 1272 3066 philosophi
1293 2963 1428 3037 sibi
1452 2965 1921 3054 deferrentur,
1956 2980 2027 3036 et
2046 2965 2353 3037 maxime
2379 2965 2870 3063 philosophiae,
2912 2990 3001 3036 eo

859 3078 1063 3180 quod
1113 3080 1190 3153 in
1231 3096 1383 3153 rata
1425 3081 1577 3177 ejus
1612 3077 1985 3170 divisione,
2042 3079 2488 3178 perpendere
2535 3081 2687 3179 ipse
2735 3077 3004 3152 facilius

858 3218 1125 3300 posset,
1159 3227 1248 3274 an
1277 3216 1466 3274 recte
1499 3202 1559 3272 is
1597 3215 1901 3299 saperet,
1933 3201 2059 3299 qui
2084 3199 2575 3301 philosophari
2594 3201 2995 3292 videbatur,

859 3337 1108 3420 utpote
1136 3321 1212 3392 in
1248 3345 1336 3394 eo
1362 3319 1562 3419 quod
1587 3319 1991 3394 divinarum
2016 3335 2089 3391 et
2119 3319 2601 3392 humanarum
2636 3319 3000 3391 scientiam

859 3437 1257 3537 profitetur.
1313 3438 1639 3510 Directus
1685 3438 1925 3535 itaque
1970 3452 2075 3508 est
2123 3441 2381 3508 Remos
2433 3439 2618 3508 Saxo
2667 3437 2961 3535 quidam
2976 3490 2995 3527 ,

860 3555 986 3653 qui
1021 3555 1114 3628 ad
1150 3554 1302 3627 haec
1335 3553 1709 3626 videbatur
1734 3553 2061 3625 idoneus.
2095 3556 2161 3625 Is
2186 3579 2353 3626 cum
2374 3553 2582 3626 scolis
2608 3555 2998 3646 interesset,

859 3688 930 3745 et
952 3687 1155 3745 caute
1190 3696 1532 3770 generum
1567 3669 1950 3742 divisiones
1976 3694 2019 3742 a
2056 3670 2405 3743 Gerberto
2444 3671 2819 3773 dispositas
2856 3670 3005 3742 col-

859 3790 1128 3887 ligeret,
1175 3790 1250 3861 in
1287 3814 1371 3862 ea
1418 3805 1656 3861 tamen
1703 3790 2009 3860 maxime
2054 3788 2426 3882 divisione,
2477 3813 2634 3885 quae
2680 3788 2999 3886 philoso-

857 3907 1106 4007 phiam
1128 3907 1223 3979 ad
1244 3907 1538 4006 plenum
1563 3907 1838 4000 dividit,
1864 3906 2263 4004 'plurimum
2288 3905 2541 3979 ordine
2564 3903 2829 3978 abusus
2864 3920 2992 3977 est.
