3459 5375
897 552 1020 610 210
1609 543 1941 605 RICHERI
1986 543 2134 604 LIB.
2186 545 2295 603 IV.

897 679 1130 752 nulfus
1171 680 1520 751 matutino
1567 701 1823 750 somno
1860 677 2219 774 oppressi,
2258 675 2737 773 quiescebant.
2778 683 3035 754 Coram

894 822 989 894 qu
997 795 1156 872 ibus
1189 820 1355 868 cum
1391 796 1630 867 hostes
1661 793 1847 865 facto
1874 793 2153 890 agmine
2182 792 2534 885 adessent,
2569 810 2641 867 et
2666 795 2767 868 illi
2786 820 3035 895 exper-

893 915 1142 1012 gefacti
1195 913 1633 985 adversarios
1686 910 2151 983 advertissent
2165 963 2185 1000 ,
2224 933 2269 980 a
2300 909 2500 982 lectis
2546 912 2990 1010 prosilientes
3010 969 3031 1006 ‚

893 1047 964 1103 et
1012 1055 1208 1102 arma
1250 1053 1614 1127 capessere
1651 1029 1953 1100 nitentes
1968 1081 1987 1117 ‚
2027 1051 2162 1098 nec
2197 1027 2631 1125 reperientes
2649 1082 2669 1112 ,
2724 1046 3037 1126 querunt

889 1145 1232 1244 quidnam
1277 1145 1665 1218 matutinus
1713 1167 1966 1216 eorum
2001 1141 2245 1214 afferat
2306 1157 2621 1214 eventus.
2680 1143 3035 1218 Adalbero

887 1287 1059 1335 vero
1097 1291 1111 1332 :
1162 1293 1196 1330 r<
1227 1263 1616 1350 Quoniam,
1656 1289 1691 1328 n
1724 1260 1979 1357 inquit,
2021 1289 2059 1329 «
2086 1284 2322 1332 arcem
2363 1260 2553 1333 hanc
2590 1261 2767 1333 mihi
2802 1287 3039 1361 nuper

891 1409 926 1448 «
969 1379 1431 1477 surripuistis,
1471 1393 1543 1450 et
1588 1377 1678 1449 ab
1708 1402 1792 1449 ea
1835 1377 2116 1448 exulem
2158 1377 2355 1450 abire
2387 1380 2746 1476 coegistiS‚
2782 1395 2855 1452 et
2904 1405 3035 1452 vos

891 1525 926 1563 r<
970 1495 1137 1566 hinc
1191 1493 1510 1596 dissimili
1571 1510 1811 1566 tamen
1876 1495 2160 1566 fortuna
2203 1495 2590 1595 pellemini'.
2648 1501 2795 1595 Ego
2835 1499 3031 1569 enim

891 1639 925 1677 «
970 1610 1239 1706 proprii
1266 1609 1444 1706 juris
1476 1611 1820 1700 remansi3
1860 1633 1991 1681 vos
2024 1609 2258 1682 alieno
2296 1609 2641 1682 subibitis,
2685 1639 2719 1677 »
2762 1611 2865 1682 Ad
2891 1612 3033 1684 hec

887 1725 1183 1798 Kar-olus
1219 1753 1234 1796 :
1281 1756 1316 1794 «
1352 1730 1485 1816 An,
1526 1755 1561 1792 »
1616 1728 1883 1825 inquit,
1922 1757 1957 1794 «
1989 1752 2034 1798 o
2080 1728 2411 1829 episcope
2452 1723 2801 1798 hesternae
2842 1753 3036 1800 cenae

887 1873 922 1910 α
965 1868 1242 1914 memor
1273 1844 1366 1914 sis
1409 1844 1708 1914 nimium
1750 1845 1996 1915 miror.
2035 1847 2193 1914 Non
2230 1868 2401 1940 ergo
2442 1843 2593 1942 ipsa
2633 1844 3035 1916 Divinitatis

875 1990 921 2038 ,α
965 1960 1356 2043 reverentia
1402 1959 1793 2032 inhibebit?
1849 1959 2127 2031 Nihilne
2162 1960 2279 2055 jus
2326 1960 2789 2031 sacramenti?
2844 1961 3032 2032 Nihil

885 2105 921 2144 «
963 2075 1307 2147 hesternae
1335 2101 1526 2148 cenae
1551 2077 2014 2176 imprecatio?
2057 2104 2092 2142 »
2135 2079 2223 2147 Et
2248 2075 2384 2146 hec
2411 2075 2682 2166 dicenS,
2712 2102 3030 2176 praeceps

880 2195 952 2290 in
983 2192 1263 2265 hostem
1305 2192 1549 2264 fertur.
1587 2196 1821 2281 Quem
1863 2192 2216 2263 furentem
2252 2192 2501 2262 armati
2532 2193 2979 2264 circumdant
2999 2249 3020 2286 ,

879 2324 1092 2407 atque
1152 2311 1224 2380 in
1272 2309 1538 2380 lectum
1583 2308 1950 2408 repulsum
2009 2308 2517 2407 comprimunt.
2582 2314 2725 2382 Nec
2782 2311 3025 2382 minus

881 2425 1248 2497 Arnulfum
1295 2425 1718 2525 pervadunt.
1757 2430 1957 2513 Quos
1998 2422 2592 2522 comprehensos,
2640 2427 2717 2496 in
2768 2425 3025 2498 eadem

876 2542 1053 2612 turri
1087 2541 1487 2613 includunt.
1523 2543 1800 2613 Turrim
1834 2567 2124 2639 quoque
2168 2540 2482 2613 clavibus
2510 2557 2581 2613 et
2624 2544 2795 2614 seris
2820 2569 3025 2643 repa-

876 2657 1196 2758 gulisque
1221 2659 1634 2732 custodibus
1667 2659 2002 2731 adhibitis
2028 2660 2385 2731 muniunt;
2436 2658 2644 2733 Unde
2676 2684 2845 2732 cum
2878 2661 3023 2733 cla·

875 2798 1035 2846 mor
1082 2776 1507 2866 feminarum
1535 2832 1553 2868 ,
1611 2801 2144 2876 puerorumque
2204 2777 2414 2848 simul
2468 2792 2539 2849 et
2591 2778 3019 2851 famulorum

875 2891 1182 2964 ululatus
1212 2895 1284 2964 in
1316 2894 1576 2965 coelum
1611 2894 1937 2985 ferretur,
1982 2894 2169 2966 cives
2207 2919 2337 2992 per
2376 2893 2626 2966 urbem
2666 2892 2925 2966 turbati
2952 2909 3024 2967 et

875 3010 1336 3107 expergefacti
1362 3026 1551 3082 sunt.
1586 3012 2037 3108 Quicumque
2062 3008 2302 3081 Karoli
2336 3010 2655 3109 partibus
2687 3010 3019 3083 favebant

875 3150 1044 3195 mox
1071 3126 1399 3223 profugio
1427 3150 1577 3198 sese
1603 3124 2106 3197 liberaverunt.
2130 3124 2345 3213 Quod
2373 3126 2587 3197 etiam
2613 3126 2730 3196 vix
2755 3125 3018 3197 factum

875 3240 1024 3314 fuit.
1072 3245 1250 3313 Nam
1286 3268 1453 3314 cum
1481 3268 1666 3342 pene
1688 3241 1926 3313 adhuc
1951 3242 2304 3339 fugerent,
2340 3244 2575 3313 statim
2604 3256 2753 3313 tota
2778 3242 3019 3313 civitas

876 3360 1237 3433 obfirmari
1266 3360 1360 3434 ab
1398 3362 1841 3435 Adalberone
1873 3362 2069 3459 jussa
2096 3377 2234 3452 est,
2284 3377 2365 3433 ut
2394 3387 2644 3434 omnes
2674 3386 2856 3460 quos
2884 3362 3019 3434 sibi

873 3469 1207 3543 adversos
1245 3472 1540 3571 putabat
1586 3471 2250 3572 comprehenderet.
2304 3473 2589 3559 Quaesiti
2629 3472 2852 3563 fuere,
2883 3497 3017 3544 nec

873 3588 1156 3684 reperti.
1215 3588 1621 3660 Subductus
1658 3604 1764 3662 est
1814 3604 1886 3660 et
1921 3587 2161 3659 Karoli
2208 3586 2392 3659 filius
2432 3586 2743 3676 bienniS‚
2798 3589 3019 3685 patris

871 3704 1306 3777 vocabulum
1331 3704 1603 3778 habens
1621 3761 1641 3798 ,
1675 3722 1747 3779 et
1770 3731 1813 3777 a
1839 3705 2240 3804 captivitate
2268 3704 2627 3777 liberatus.
2663 3704 3015 3776 Adalbero

875 3821 1024 3917 regi
1059 3820 1510 3893 Silvanectim
1549 3823 1815 3921 legatos
1847 3823 2034 3894 otius
2084 3823 2337 3914 mittit3
2392 3820 2764 3921 quondam
2808 3821 3017 3893 amis-

875 3963 1028 4011 sam
1083 3938 1335 4010 urbem
1392 3941 1541 4036 jam
1606 3956 1961 4039 receptam
1991 3995 2011 4025 ‚
2054 3940 2396 4012 Karolum
2457 3964 2623 4011 cum
2676 3964 2899 4011 uxore
2946 3954 3017 4012 et

873 4056 1055 4127 natis
1091 4071 1379 4153 captum
1405 4110 1423 4147 ‚
1467 4072 1678 4155 atque
1715 4057 2088 4129 Arnulfum
2139 4058 2325 4128 inter
2371 4055 2612 4127 hostes
2643 4057 3015 4128 inventum

874 4187 946 4243 et
983 4171 1580 4269 comprehensum
1636 4172 1953 4245 mandat.
2006 4172 2212 4244 Unde
2272 4187 2341 4245 et
2388 4174 2541 4244 sine
2592 4196 2799 4243 mora
2848 4198 3011 4244 cum

873 4304 1358 4387 quotcumque
1411 4292 1633 4388 possit
1685 4292 1941 4363 veniat.
2004 4291 2352 4362 Exercitui
2409 4289 2815 4385 colligendo
2860 4314 3011 4361 mo·
