3459 5375
873 548 992 619 128
1612 540 1947 602 chnsslu
1991 540 2140 603 LIB.
2188 540 2343 637 111..

869 700 1139 752 nexum
1160 730 1179 768 ,
1259 699 1429 759 cum
1498 675 1740 747 electis
1794 674 2104 746 militum
2171 668 2396 771 copiis
2461 672 2759 770 ingressi
2823 690 3012 747 sunt.

872 798 1253 891 Annonam
1289 818 1583 867 omnem
1619 794 2177 891 circumquaque
2225 790 2482 862 milites
2530 789 2851 889 palantes
2899 792 3024 864 ad-

871 925 1151 989 vectare
1174 912 1518 985 fecerunt.
1562 911 2101 1007 Negotiatorum
2126 932 2416 1006 quoque
2443 908 2774 980 Victusin
2814 934 3024 981 usum
3111 898 3114 901 ’

872 1030 1245 1104 hellich
1266 1042 1727 1126 acceperunt.
1793 1029 2183 1126 Lignorum
2239 1025 2476 1098 trabes
2546 1050 2634 1097 ex
2692 1030 3026 1123 Argonna

876 1147 1235 1246 aggregari
1280 1146 1643 1242 jusserunt
1692 1160 1772 1217 ut
1819 1147 1879 1217 si
1927 1144 2018 1217 ab
2037 1143 2381 1216 “hostibus
2431 1157 2628 1215 extra
2675 1142 3028 1221 -machinae

880 1264 1103 1334 muris
1160 1262 1687 1360 applicarentur
1704 1315 1722 1352 ‚
1789 1262 1925 1361 ipsi
1968 1286 2258 1360 quoque
2303 1261 2598 1333 interius
2643 1259 3028 1335 obtinenti-

877 1379 1027 1452 bus'
1063 1376 1413 1451 machinis
1466 1360 1752 1451 obstare
1795 1376 2242 1450 molirentur.
2295 1380 2540 1449 Crates
2583 1402 2877 1476 quoque
2929 1378 3029 1449 vi-

880 1495 1203 1569 minibus·
1247 1510 1318 1567 et
1370 1486 1723 1567 arborum
1762 1494 2138 1567 frondibus
2198 1492 2468 1567 validas
2529 1494 2986 1567 intexuerunt
3004 1550 3024 1589 ,

882 1614 1233 1691 machinis
1258 1614 1510 1713 erectis
1535 1666 1554 1704 ,
1597 1614 1655 1684 si
1678 1637 1790 1685 res
1817 1628 2254 1714 exposceret,
2297 1611 2934 1711 supersternendos
2969 1614 2988 1649 ⁴
3007 1668 3023 1685 .

884 1732 1112 1840 Sudes
1149 1731 1337 1804 ferro
1374 1731 1820 1803 acuminatos
1838 1786 1858 1823 ,
1908 1746 1981 1803 et
2019 1732 2182 1828 igne
2223 1729 2558 1803 subustos
2581 1748 2624 1821 ,j
2647 1727 2740 1802 ad
2792 1728 3033 1803 hostes

884 1844 1462 1951 transfodiendos
1510 1842 1972 1948 quamplures
2019 1844 2466 1948 aptaverimt.
2531 1846 2815 1925 Missilia
2859 1826 3036 1919 varii

886 1970 1163 2068 generis
1209 1994 1341 2067 per
1387 1968 1627 2042 fabros
1674 1968 2080 2069 expediere.
2137 1970 2456 2043 Funium
2499 1968 2788 2041 millena
2835 1967 3036 2043 volua-
3152 1958 3156 1961 ’

886 2088 1087 2161 mina
1135 2086 1241 2170 ad,
1278 2112 1449 2159 usus
1474 2086 1812 2185 ¹diversos
1859 2102 2367 2161 convexerunt.
2413 2078 2706 2186 Clipeos
2743 2112 3039 2185 quoque

886 2202 1239 2289 habendae
1270 2204 1611 2277 testudini
1646 2203 2090 2280 ordinandos
2103 2259 2123 2295 ‚
2177 2204 2656 2277 instituerunt.
2712 2207 3040 2277 Preterea

890 2320 1193 2393 centena
1220 2322 1474 2393 mortis
1508 2334 1867 2414 tormenta
1903 2345 2054 2393 non
2089 2320 2404 2395 defuere.

1344 2694 1489 2748 CIV.
1511 2727 1579 2737 —
1597 2698 1840 2770 Repetite
1861 2701 1894 2736 ὓ
1926 2699 2221 2754 Vix-duno*
2243 2721 2276 2756 a
2297 2703 2573 2760 Lothario.

994 2875 1426 2947 Nuntiantur
1492 2876 1643 2949 haec
1736 2879 2098 2952 Lothario.
2201 2881 2344 2969 Qui
2419 2896 2697 2954 tantum
2777 2881 3047 2955 facinus

898 2991 1236 3091 accidisse
1304 2994 1645 3066 acerrime
1706 2995 2156 3094 indignatus,
2230 2999 2618 3071 exercitum
2675 2997 3044 3071 dimissum

896 3109 1299 3197 revocavit3
1377 3125 1449 3209 et
1511 3113 1611 3184 sic
1682 3137 1849 3184 cum
1907 3115 2160 3187 decem
2229 3113 2514 3189 milibus
2565 3132 3047 3216 pugnatorum

891 3225 1306 3316 ,Vix-dunum
1350 3229 1556 3327 petiit
1573 3283 1593 3320 ‚
1666 3245 1882 3329 atque
1911 3321 1926 3338 „
1952 3227 2396 3307 adversarios
2461 3236 2874 3334 repentinus
2935 3259 3048 3332 ag·

897 3369 1175 3441 gressus
1217 3360 1346 3416 est.
1402 3346 1642 3420 Primo
1688 3347 1962 3447 impetu
1979 3404 1996 3438 ,
2068 3351 2402 3448 sagittarii
2441 3351 2469 3388 ²
2523 3355 2776 3423 contra
2808 3350 3048 3422 hostes

900 3461 1210 3533 ordinati
1268 3477 1459 3532 sunt.
1528 3465 1898 3562 Missaeque
1960 3468 2223 3564 sagittae
2273 3483 2346 3539 et
2397 3466 2832 3540 arcobalistae
2884 3491 3048 3538 cum

899 3577 1053 3649 aliis
1088 3577 1468 3650 missilibus
1507 3595 1654 3652 tam
1707 3581 1946 3654 densae
1987 3583 2060 3653 in
2115 3608 2280 3655 aere
2324 3583 2817 3659 discurrebant
2834 3635 2853 3674 ,
2897 3598 2978 3654 ut
3009 3607 3049 3652 a

899 3696 1212 3769 nubibus
1239 3695 1499 3785 dilabi,
1534 3713 1864 3796 terraque
1901 3725 2274 3799 exsurgere
2309 3701 2743 3774 viderentur.
2763 3705 3050 3802 Horum

901 3830 1151 3887 contra
1207 3815 1558 3918 impetum
1572 3871 1592 3907 ,
1648 3817 2082 3889 testudinem
2131 3835 2296 3891 ante
2340 3845 2418 3891 se
2453 3835 2526 3890 et
2558 3843 2776 3918 super
2819 3817 3051 3916 capita

899 3931 1143 4003 hostes
1188 3956 1397 4003 muro
1443 3947 1826 4030 aptavere3
1879 3936 1954 4006 in
2004 3961 2223 4033 quam
2275 3935 2482 4008 relisa
2531 3935 2817 4008 missilia
2837 3990 2856 4025 ,
2907 3936 3050 4007 ictu

974 4127 1006 4160 ‘³'
1041 4128 1109 4192 R,
1139 4126 1385 4181 Vix-duno
1406 4123 1617 4181 abscisa.

976 4213 992 4242 ¹
1030 4213 1488 4283 superstet-nenda
1507 4217 1557 4266 1.

974 4298 998 4328 ³
1032 4297 1257 4367 sagitarii
1288 4301 1338 4350 1.
