3459 5375
879 577 956 635 28
1507 597 1513 602 ·
1557 577 1884 641 RlCHERI
1927 578 2075 643 ΗΒ.
2126 580 2240 641 111.

875 816 1079 869 xxv1.
1104 846 1176 859 -—
1203 817 1366 883 Quod
1399 819 1875 891 metropolitanus*
1910 820 2171 875 Adalbero
2196 817 2308 873 de*
2336 814 2535 871 rebus*
2564 816 2728 869 sancti
2768 815 2985 887 Remigii

1286 930 1319 965 a
1341 913 1522 985 papa*
1543 914 1787 969 Johnnne
1808 914 2183 987 privilegium*
2208 913 2325 967 fieri
2347 911 2566 985 petiit*-

968 1074 1165 1142 Tunc
1199 1072 1308 1143 vir
1339 1072 1816 1145 memorabilis
1850 1074 1949 1146 sic
1981 1097 2272 1146 exorsus
2304 1100 2319 1143 :
2366 1102 2402 1141 «
2437 1070 2793 1160 Quoniam
2822 1098 2858 1137 »
2884 1070 2987 1141 in-

876 1187 1030 1282 quit
1077 1216 1114 1255 «
1155 1203 1356 1285 pater
1413 1189 1846 1263 sanctissime
1865 1244 1886 1281 ‚
1929 1189 2152 1262 multa
2194 1190 2479 1261 caritate
2525 1185 2750 1257 filium
2795 1209 2987 1257 com·-

880 1332 914 1369 «
957 1302 1202 1401 plexus
1255 1305 1348 1378 ad
1399 1320 1468 1377 te
1514 1306 1817 1405 amplius
1874 1308 2208 1379 attraxisti
2226 1358 2247 1395 ,
2308 1302 2507 1402 quod
2559 1302 2688 1375 tibi
2739 1327 2991 1375 onero-

881 1448 916 1485 «
958 1442 1118 1492 sum
1169 1421 1255 1492 sit
1303 1422 1692 1519 petendum
1738 1447 1886 1494 non
1938 1422 2263 1494 arbitror.
2318 1420 2497 1491 Novi
2544 1420 2737 1491 enim
2790 1418 2987 1517 quod

879 1560 916 1597 «
957 1530 1253 1629 diligens
1295 1522 1496 1632 pater
1542 1534 1900 1608 interdum
1954 1535 2101 1608 filio
2144 1536 2414 1633 gravari
2461 1534 2781 1632 gaudeat.
2848 1532 2987 1606 Sed

879 1676 914 1714 «
957 1646 1132 1719 illud
1173 1664 1412 1749 petere
1451 1676 1566 1723 me
1604 1653 1948 1751 proposui
1962 1706 1983 1743 ,
2023 1651 2222 1750 quod
2256 1665 2329 1724 et
2364 1665 2563 1723 tanto
2604 1652 2785 1749 patri
2818 1674 2987 1722 one-
3024 1730 3035 1739 ‚

879 1792 912 1830 «
957 1789 1200 1838 rosum
1217 1792 1373 1840 ‘non
1417 1764 1541 1840 fiat
1556 1820 1581 1860 ‚.
1629 1782 1702 1840 et
1733 1769 2001 1867 petenti
2024 1767 2189 1840 satis
2213 1765 2576 1840 commodi
2596 1779 2979 1865 comparet.

879 1913 912 1951 α
957 1888 1078 1959 Est
1121 1887 1296 1959 mihi
1337 1890 1412 1959 in
1469 1888 1712 1961 Galliis
1768 1888 2285 1961 monachorum
2330 1886 2739 1959 coenobium
2762 1940 2783 1978 ,
2836 1911 2986 1959 non

877 2030 911 2067 «
953 2000 1166 2099 longe
1190 2001 1281 2074 ab
1305 2004 1484 2077 urbe
1525 2008 1909 2077 Remorum
1946 2006 2183 2076 situm.
2230 2002 2366 2075 Ubi
2399 2004 2613 2076 etiam
2644 2002 2832 2075 beati
2861 2006 2989 2074 Re·
3066 2096 3069 2099 ἱ

877 2146 914 2183 «
957 2118 1150 2215 migii
1171 2123 1603 2193 Francorum
1618 2122 1900 2221 patroni
1926 2144 2186 2221 corpus
2204 2120 2717 2193 sanctissimum
2738 2118 2990 2191 decen-

877 2261 912 2300 «
954 2234 1218 2307 tissime
1250 2238 1548 2335 quiescit
1563 2292 1584 2329 ,
1631 2226 1770 2310 cui.
1799 2238 2012 2309 etiam
2045 2235 2285 2308 honor
2320 2234 2688 2308 exhibetur
2712 2236 2737 2271 *
2792 2233 2985 2308 debi-

874 2378 909 2417 «
953 2365 1086 2424 tus.
1152 2354 1366 2450 Cujus
1421 2379 1534 2427 res
1587 2356 1660 2426 in
1709 2368 2076 2454 posterum
2126 2352 2417 2425 stabiliri
2458 2352 2751 2425 firmiter
2800 2376 2985 2449 quae-

874 2496 909 2533 «c
951 2492 1114 2539 rens
1133 2522 1152 2558 ,
1214 2485 1459 2542 vestrae
1503 2470 1934 2542 auctoritatis
1988 2467 2353 2567 privilegio
2413 2466 2819 2540 confirmari
2880 2469 2985 2539 in-

873 2612 907 2650 «
948 2585 1475 2680 praesentiarum
1510 2586 1822 2685 deposco
1845 2640 1865 2677 ‚
1903 2601 2123 2658 terras
2161 2584 2485 2690 videlicet
2517 2584 2740 2656 cultas
2772 2598 2985 2682 atque

873 2729 904 2767 u
949 2700 1246 2775 incultas
1259 2757 1280 2794 ‚
1356 2703 1564 2776 silvas
1634 2719 1706 2777 et
1762 2727 2025 2802 pascua
2040 2757 2061 2794 ‚
2132 2703 2373 2774 vineas
2438 2726 2523 2775 ac
2582 2701 2893 2800 pemeria
2916 2701 2976 2791 ²,

871 2845 904 2883 «
949 2833 1294 2890 torrentes
1327 2835 1400 2891 et
1445 2834 1724 2917 stagna3
1780 2819 1989 2891 castri
2021 2827 2311 2915 quoque
2352 2815 2643 2889 illorum
2688 2817 2981 2888 munita-

869 2959 904 2999 «
948 2949 1091 3004 tem
1108 2986 1128 3024 ‚
1179 2933 1644 3033 villarumque
1686 2933 2049 3007 liberalem
2091 2934 2276 3005 intra
2319 2947 2393 3005 et
2437 2947 2633 3005 extra
2683 2946 2979 3031 potesta-

867 3079 900 3117 «
951 3063 1092 3122 tem
1111 3104 1131 3141 ‚
1173 3053 1462 3124 tandem
1496 3053 1707 3125 etiam
1742 3077 1855 3123 res
1888 3075 2137 3125 omnes
2172 3049 2468 3121 mobiles
2506 3063 2719 3147 atque
2756 3049 2982 3120 inmo-

868 3194 903 3232 «
946 3165 1120 3238 biles
1168 3169 1380 3240 vestri
1422 3167 1853 3267 apostolatus
1900 3167 2202 3264 dignitas
2248 3164 2503 3238 solidet
2552 3179 2763 3262 atque
2815 3189 2979 3235 eon-

867 3315 902 3351 «
949 3284 1200 3360 firmet.
1264 3287 1636 3362 Abbatiam
1685 3312 1974 3387 quoque
2019 3288 2241 3358 sancti
2281 3284 2629 3356 Timothei
2676 3285 2976 3356 martiris

866 3431 902 3468 «
943 3427 1099 3498 quae
1148 3405 1371 3475 nostri
1416 3405 1596 3501 juris
1645 3430 1795 3477 esse
1830 3403 2133 3493 videtur,
2180 3401 2313 3474 sub
2360 3401 2573 3473 vestri
2610 3401 2975 3500 praesentia

863 3547 898 3582 «
942 3518 1341 3616 horumque
1377 3523 1875 3620 episcoporum
1915 3521 2317 3592 testimonio
2353 3519 2453 3589 eis
2500 3515 2853 3606 conced0,
2894 3531 2975 3589 ut

862 3663 898 3700 «
941 3635 1106 3707 inde
1154 3636 1583 3736 pauperibus
1626 3637 2175 3725 administretur,
2229 3649 2299 3705 et
2355 3632 2693 3704 memoria
2750 3632 2971 3702 nostri

861 3779 897 3816 «
939 3753 1152 3822 servis
1206 3755 1336 3825 Dei
1371 3753 1444 3825 in
1495 3753 1823 3826 coenobio
1856 3751 2220 3824 habeatur.
2286 3755 2445 3821 Haec
2503 3749 2710 3845 igitur
2766 3771 2972 3846 supe-

861 3897 896 3933 «
941 3868 1242 3939 rioribus
1278 3869 1514 3942 addita
1564 3872 1637 3941 in
1681 3870 1799 3966 jus
1841 3867 2153 3968 praedicti
2200 3867 2419 3939 sancti
2466 3879 2802 3953 transeat,
2856 3879 2973 3935 at-

924 4125 952 4156 *
989 4125 1284 4196 opolitanus
1299 4167 1312 4190 ,
1335 4127 1399 4178 dc
1423 4127 1576 4179 rebus
1597 4167 1610 4192 ,
1639 4147 1704 4198 pa
1725 4167 1740 4192 ,
1769 4128 1961 4196 egium,
1982 4128 2063 4180 tiit
2085 4125 2287 4177 abscisa.

927 4208 942 4238 ¹
983 4221 1212 4261 servatur
1236 4229 1358 4262 corr.
1385 4211 1674 4262 exhibetur.
