3459 5375
936 525 1061 589 224
1664 525 1995 586 RICHERI
2042 525 2190 586 LIB.
2242 527 2349 587 lv.

935 674 1147 758 atque
1186 659 1644 756 interpretem
1699 657 2350 731 accommodarent.
2408 658 2785 731 Judicandi
2844 662 3081 760 itaque

935 777 1276 876 dignitas»,
1333 776 1624 874 Signino
1683 777 2207 848 senonensium
2276 777 2828 876 metropolitano
2890 805 3084 852 oom-

935 896 1149 967 missa
1186 908 1292 965 est
1313 947 1333 984 ,
1381 917 1469 965 eo
1520 893 1719 991 quod
1764 893 1982 965 aetatis
2026 894 2453 985 reverentia,
2506 910 2578 966 et
2622 895 2782 967 vitae
2828 898 3081 969 merito

936 1010 1329 1109 plurimum
1390 1008 2040 1082 commendaretur.
2115 1009 2515 1085 Ordinandi
2568 1036 2740 1084 vero
2796 1005 3087 1085 facultas

937 1150 1020 1197 ac
1073 1125 1556 1223 magisterium
1624 1125 2137 1222 interpretandi
2172 1179 2193 1216 ,
2264 1123 2556 1196 Amulfo
2606 1125 3088 1199 Aurelianensi

937 1240 1277 1339 episcopo
1332 1237 1602 1312 credita
1653 1255 1761 1312 est
1775 1293 1794 1330 ‚
1852 1266 1941 1313 eo
2008 1240 2207 1338 quod
2262 1243 2414 1340 ipse
2463 1243 2648 1313 inter
2700 1243 3088 1319 Galliarum

937 1363 1312 1460 episcopos
1328 1417 1346 1452 ,
1393 1361 1662 1460 eloquii
1693 1363 1953 1435 virtute
1989 1378 2060 1434 et
2095 1363 2395 1436 efficatia
2428 1364 2714 1436 dicendi
2755 1365 3080 1438 florebat.

940 1479 1064 1548 His
1099 1502 1276 1574 ergo.
1328 1479 1428 1549 sic
1466 1478 1723 1550 habitis
1752 1532 1771 1569 ,
1821 1495 1986 1577 post
2022 1479 2195 1552 cleri
2240 1481 2640 1579 ingressum
2656 1536 2676 1570 ‚
2725 1482 3090 1554 sententiis

871 1596 880 1610 ‘
941 1594 1037 1666 ad
1071 1596 1437 1693 negotium
1480 1595 1899 1669 facientibus
1938 1597 2243 1668 recitatis
2268 1653 2286 1690 ,
2332 1597 2665 1670 Arnulfus
2710 1599 2807 1670 sic
2846 1598 3092 1696 praefa-

943 1726 1056 1786 tus
1103 1714 1203 1784 ait
1237 1739 1255 1783 ι

1401 1875 1556 1928 LIII.
1574 1875 1955 1928 —Elocutio*
1986 1877 2194 1930 Arnulfi
2218 1877 2251 1910 ¹¹*
2280 1877 2337 1929 in
2353 1877 2387 1914 *
2411 1877 2620 1931 sinodo.

1045 2059 1082 2099 «
1116 2031 1475 2118 Quoniam
1499 2047 1737 2129 patres
1766 2032 2165 2123 reverendi,
2200 2034 2813 2106 serenissimorum
2840 2058 3090 2130 regum

949 2177 983 2216 «
1019 2148 1256 2245 jussu,
1292 2173 1576 2220 necnon
1604 2163 1677 2221 et
1701 2173 1917 2222 sacrae
1942 2149 2299 2246 religionis
2334 2174 2546 2222 causa
2580 2151 2726 2221 huc
2750 2150 3091 2222 conveni-

951 2295 986 2334 «
1029 2289 1191 2356 mus
1215 2318 1235 2357 ,
1300 2264 1522 2337 multa
1575 2264 1719 2338 fide
1746 2320 1764 2357 ,
1823 2265 2050 2338 multo
2110 2267 2322 2339 etiam
2384 2267 2619 2339 studio
2686 2265 3091 2339 cavendum

951 2412 985 2449 «
1028 2381 1338 2473 videtur,
1379 2406 1471 2453 ne
1499 2407 1632 2453 nos
1664 2384 1792 2480 qui
1818 2385 2037 2481 gratia
2064 2385 2300 2456 Sancti
2332 2385 2631 2482 Spiritus
2661 2385 2783 2455 hic
2809 2383 3091 2455 collecti

952 2527 987 2564 «
1030 2522 1278 2584 sumus
1292 2552 1311 2588 ,
1353 2513 1477 2568 aut
1503 2497 1754 2570 odium
1781 2500 2075 2596 alicujus
2092 2554 2111 2592 ,
2161 2516 2284 2571 aut
2308 2524 2536 2592 amor,
2571 2524 2614 2571 a
2647 2500 3089 2572 rectitudinis

951 2643 985 2681 «
1029 2639 1284 2685 norma
1341 2614 1739 2688 exorbitare
1798 2617 2024 2689 faciat.
2094 2622 2185 2690 Et
2246 2619 2414 2717 quia
2468 2617 2589 2690 hic
2662 2618 2735 2690 in
2794 2618 3090 2690 nomine

951 2761 986 2799 «
1028 2732 1320 2804 Domini
1371 2732 1652 2805 collecti
1717 2760 1996 2827 sumus,
2058 2750 2222 2807 ante
2276 2750 2742 2833 conspectum
2795 2760 3090 2807 summae

951 2878 986 2914 «
1030 2849 1467 2940 Divinitatis,
1518 2850 1843 2922 veridicis
1873 2852 2236 2925 sententiis
2276 2852 2621 2924 debemus
2670 2853 2915 2923 omnia
2956 2853 3093 2949 agi·

950 2995 985 3033 «
1030 2980 1216 3054 tare3
1249 2966 1427 3038 nulli
1453 2967 1798 3065 loquendi
1820 2968 2061 3040 locum
2084 2972 2467 3068 surripere;
2501 2954 2774 3042 veritati
2796 2992 3091 3066 operam

951 3112 988 3150 «
1032 3081 1234 3173 dare3
1281 3108 1415 3182 pro
1465 3087 1759 3159 veritate
1801 3088 2133 3159 vivaciter
2192 3102 2410 3179 stare3
2464 3104 2716 3159 contra
2759 3087 3041 3184 objecta
3064 3142 3082 3177 ,

949 3224 986 3265 «
1025 3197 1460 3296 simplicibus
1508 3226 1592 3273 ac
1638 3204 1837 3300 puris
1898 3205 2259 3276 sententiis
2307 3220 2379 3276 et
2416 3204 2787 3277 intendere
2827 3219 2900 3276 et
2946 3228 3085 3276 res·

950 3341 986 3379 c<
1028 3313 1374 3410 pondere.
1419 3318 1815 3415 Unicuique
1841 3318 2121 3392 debitus
2148 3319 2388 3393 honor
2421 3338 2769 3413 servetur3
2805 3321 3088 3393 dicendi

951 3456 986 3492 «
1029 3443 1340 3525 potestas
1385 3433 1720 3506 omnibus
1743 3437 1858 3507 sit.
1912 3437 2337 3509 Intendendi
2366 3440 2578 3510 etiam
2606 3454 2678 3511 et
2722 3438 3089 3511 refellendi

954 3571 988 3605 α
1031 3541 1339 3636 libertas»,
1371 3548 1705 3621 omnibus
1731 3575 2064 3624 concessa
2088 3554 2199 3624 sit.
2235 3558 2293 3623 N
2298 3580 2439 3626 unc
2463 3554 2724 3627 deinde
2745 3558 3083 3653 quoniam

951 3688 988 3723 a<
1033 3683 1148 3731 me
1177 3676 1341 3734 ante
1378 3687 1629 3737 omnes
1674 3667 1805 3739 fari
1834 3668 2189 3761 voluistis,
2226 3695 2512 3742 causam
2551 3671 2762 3767 hujus
2790 3669 3028 3743 sinodi
3056 3672 3071 3705 ¹

954 3804 989 3840 «
1031 3801 1278 3849 coram
1313 3780 1735 3855 edicendam
1755 3776 2106 3879 arbitror,
2160 3780 2493 3887 quatinus
2537 3787 2724 3859 bene
2769 3787 3037 3884 digesta
3060 3841 3080 3875 ‚

956 3922 992 3959 «
1035 3894 1370 3967 omnibus
1400 3913 1478 3969 ut
1525 3915 1630 3971 est
1683 3901 2030 3975 videatur.
2091 3905 2487 3978 Clarissima
2532 3904 2651 3977 illa
2703 3908 3088 3977 Remorum

957 4038 992 4075 κ
1035 4012 1483 4111 metropolis„
1533 4018 1943 4115 proditione
2000 4047 2233 4121 nuper
2278 4048 2573 4123 pervasa
2628 4020 2718 4094 ab
2768 4022 3091 4094 hostibus

1021 4208 1053 4241 ³¹*
1089 4210 1150 4262 El
1171 4250 1186 4276 ,
1221 4214 1426 4267 Amulfi
1449 4216 1504 4268 in
1530 4217 1737 4271 abscisa.

1023 4293 1041 4322 ¹
1080 4294 1252 4348 sinoni
1275 4296 1387 4350 cod.
