3459 5375
936 588 1055 647 102
1268 610 1273 615 ·
1638 580 1974 645 RICHERI
2019 580 2169 644 LIB.
2219 580 2338 640 111.

934 751 970 788 «
1008 713 1188 791 alter
1220 716 1431 790 nobis
1478 716 1803 789 addictus
1822 771 1842 808 ‚
1895 717 2096 795 altini
2142 716 2330 787 vires
2361 739 2528 787 ,ιιοιι
2577 714 2890 814 praebeat
2927 718 3076 787 ani-

934 866 968 905 «
986 826 1359 935 *mumque
1382 836 1755 907 ministret.
1790 839 1944 916 Hoc
1973 857 2265 932 quoque
2295 831 2814 931 fieri2possibile
2837 848 2940 904 est
2961 886 2980 923 ,
3013 834 3070 903 si

936 982 970 1021 «
1016 956 1258 1025 Romae
1284 976 1479 1024 nunc
1504 952 1816 1052 positum
1851 955 2194 1023 ottonem
2219 950 2464 1048 legatis
2501 951 2879 1049 praemiassis
2904 973 3070 1022 cau-

934 1100 969 1139 «
1014 1086 1128 1143 tus
1176 1086 1247 1143 et
1281 1070 1834 1168 circumspectus
1875 1068 2152 1141 adieris.
2197 1072 2355 1139 Non
2396 1066 2593 1139 enim'
2611 1064 2716 1139 sic
2741 1069 2942 1168 parvi
2967 1081 3074 1139 est
3137 1133 3148 1143 .

935 1218 971 1258 κ
1012 1190 1279 1289 ingenii
1305 1192 1502 1278 Otto,
1534 1203 1615 1259 ut
1639 1203 1709 1291 te
1731 1186 2088 1286 potiorem
2113 1186 2450 1279 Lothario
2478 1186 2694 1279 armis
2719 1200 2791 1257 et
2816 1184 3075 1285 opibus

935 1335 971 1391 ᾳ
1014 1304 1294 1409 ignoret
1316 1359 1334 1394 ,
1368 1330 1532 1377 cum
1559 1328 1727 1403 sepe
1756 1320 1827 1375 et
1851 1304 1925 1374 id
1952 1302 2255 1385 audierit
2299 1318 2370 1373 et
2394 1327 2526 1400 per
2551 1327 2704 1373 sese
2743 1292 3075 1402 expertus

808 1432 819 1449 “
934 1452 971 1490 α
1014 1424 1124 1495 sit.
1172 1423 1377 1494 Unde
1406 1438 1477 1494 et
1502 1421 1772 1494 facilius
1797 1420 1949 1517 ejus
1983 1422 2378 1525 amiciciam
2417 1420 2864 1518 adipisceris3
2909 1446 3076 1518 pro-

934 1570 970 1607 «
1012 1536 1199 1611 derit
1222 1540 1451 1631 etiam,
1470 1539 1828 1635 sanguinis
1871 1532 2086 1609 vestri
2111 1530 2606 1636 propinquitas
2629 1592 2649 1627 ,
2683 1562 2852 1637 cum
2875 1562 3074 1637 aeque

934 1687 970 1726 «
1014 1673 1093 1729 ut
1117 1642 1492 1729 Lotharius
1518 1657 1581 1728 ei
1606 1656 1681 1727 in
1706 1655 1851 1727 hoc
1875 1654 2354 1752 conjungaris.
2395 1682 2431 1720 ο»

1849 1794 2155 1905 ικὲικῐν.

1026 1996 1201 2079 Quae
1234 1993 1591 2073 sententia-
1616 1990 1911 2090 prolata.
1935 1988 2336 2062 favoraliter
2383 1989 2418 2025 ⁴⁴
2461 1987 2632 2063 duci
2664 1988 2908 2062 habita
2927 1980 3070 2071 est,
3118 1994 3122 1997 ’

929 2111 1203 2207 Legatis
1243 2110 1457 2206 igitur
1498 2108 1785 2181 directis
1819 2107 1966 2181 dux
2005 2107 2328 2179 animum
2369 2104 2786 2202 hujusmodi
2828 2103 3076 2178 Ottoni

843 2266 856 2271 -
931 2230 1155 2300 Rome
1176 2226 1537 2297 indicavit.
1565 2222 1738 2296 Otto
1759 2225 1940 2295 mira
1957 2222 2438 2324 benivolentia
2463 2221 2734 2319 legatos
2759 2223 3068 2322 excepit3

910 2341 1023 2415 de
1056 2342 1382 2414 amicicia
1413 2340 1701 2439 quoque
1751 2343 1936 2413 inter
1997 2340 2156 2411 illos
2200 2338 2532 2411 habenda
2547 2393 2566 2429 ,
2613 2364 2688 2444 se
2728 2342 3076 2440 paratissi-

929 2482 1133 2532 mum
1155 2480 1316 2531 ‘non
1354 2460 1656 2556 negavit.
1698 2458 1916 2545 Quod
1943 2460 2003 2530 si
2037 2460 2188 2557 ipse
2214 2457 2359 2529 dux
2397 2457 2502 2528 ad·
2527 2482 2604 2529 se
2630 2458 2904 2529 veniret
2927 2510 2946 2549 ‚
3001 2474 3078 2531 ut

930 2558 1243 2675 ampliu-s
1274 2592 1574 2673 uterque
1614 2577 1948 2653 amiciciae
1985 2575 2133 2647 vim
2174 2560 2610 2673 experiretur
2633 2628 2652 2663 ‚
2699 2600 2868 2645 eum
2909 2599 3074 2646 cum

930 2695 1072 2766 suis
1128 2719 1207 2766 se
1253 2693 1591 2766 decenter
1637 2710 1708 2767 et
1746 2718 1913 2765 cum
1963 2683 2246 2767 honore
2289 2689 2778 2792 excepturum.
2841 2695 3074 2791 Legati

928 2805 1193 2896 rerer-si
1210 2865 1231 2902 ‚
1262 2805 1429 2881 duci
1454 2809 1791 2881 mandata
1817 2808 2236 2886 retulerunt.
2288 2812 2450 2879 Dux
2489 2808 2699 2905 igitur
2723 2808 3074 2908 quosdam

928 2952 1202 3025 magnae
1226 2928 1619 3026 prudentiae
1643 2943 1714 2999 et
1739 2926 2010 2999 astutiae
2035 2941 2404 2999 assumens
2423 2979 2442 3016 ‚
2476 2925 2848 3014 Ait-nulfum
2875 2927 3072 3010 ‚vide-

834 3114 841 3130 ,
928 3043 1091 3117 licet
1145 3045 1754 3146 Aurelianensium
1801 3045 2218 3146 episcopum
2238 3099 2257 3136 ,
2326 3047 2548 3142 atque
2583 3039 3072 3117 Burchardu'm

928 3187 1213 3264 necnon
1259 3161 1285 3199 ²
1302 3217 1315 3231 .
1334 3217 1347 3233 .
1366 3217 1379 3233 .
1397 3218 1412 3232 .
1465 3162 1781 3260 reliquos
1829 3187 2122 3261 quoque
2182 3160 2594 3234 admodum
2642 3165 3072 3236 necessarios

928 3281 1145 3372 viroS,
1180 3281 1481 3384 Romam
1506 3279 1982 3378 progreditur.
2017 3281 2313 3352 Sanclos
2339 3280 2702 3414 apostolos
2736 3282 3067 3372 honorat,

930 3411 1144 3492 atque
1180 3397 1293 3479 sic
1317 3421 1558 3494 regem
1592 3397 1853 3500 petit.

1378 3611 1652 3680 LXXXV.
1678 3641 1751 3652 --
1773 3612 1982 3663 Ottonis
2007 3629 2127 3663 cum
2151 3611 2183 3646 ²*
2209 3611 2434 3696 Hugone
2455 3615 2631 3666 sessio.
2677 3579 2685 3584 -

1029 3743 1201 3812 Otto
1228 3740 1524 3838 gloriam
1560 3741 1695 3813 sibi
1729 3767 1980 3841 parare
2019 3743 2326 3841 cupiens
2329 3797 2348 3834 ,
2396 3768 2482 3816 ex
2523 3744 2872 3817 industria
2905 3746 3068 3842 egit,

932 3873 1014 3930 ut
1028 3857 1364 3933 omnibus
1390 3883 1435 3929 a
1450 3857 1794 3945 cubiculo
1819 3860 2017 3957 regio
2045 3861 2357 3952 emissiS‚
2385 3862 2542 3959 ejus
2569 3861 2844 3960 gladius
2869 3885 3082 3960 super

932 3973 1181 4048 sellam
1222 3959 1578 4074 plectilem
1630 3977 2112 4076 deponeretur
2131 4035 2150 4070 ‚
2200 3980 2348 4053 dux
2405 3982 2619 4055 etiam
2665 3981 2860 4054 solus
2913 4006 3079 4053 cum

998 4197 1285 4266 *isonium
1312 4198 1674 4250 eunioabscua.
2619 4164 2672 4201 μ

998 4283 1125 4334 'iat
1150 4281 1322 4334 codex.

998 4365 1311 4418 'celon-vva
1310 4379 1412 4416 att
1416 4365 1581 4418 ncod.
