3459 5375
940 542 1059 599 296
1650 537 1983 598 thnmu
2025 538 2174 599 Llss.
2223 538 2328 599 tv.

944 702 981 741 «
1022 670 1355 743 Otthonis
1404 672 1715 765 augusti,
1766 694 1931 741 cum
1977 671 2369 743 statuissem
2417 693 2566 741 non
2615 670 2974 743 discedere
3005 697 3056 743 a

944 824 982 863 «
1022 792 1341 865 clientela
1391 793 1605 889 patris
1668 794 1808 864 mei
1857 792 2042 865 beati
2095 792 2547 865 Adalberonis
2563 846 2585 883 ,
2649 793 2738 864 ab
2797 793 3048 867 eodem

944 940 979 977 α
1018 912 1351 1006 ignorans
1393 907 1487 980 ad
1529 908 1998 981 sacerdotium
2041 909 2444 1007 praeelectus
2481 935 2676 1001 sum3
2722 924 2934 1007 atque
2975 912 3046 981 in

946 1056 983 1093 κ
1026 1026 1173 1127 ejus
1220 1023 1528 1095 discessu
1576 1023 1669 1094 ad
1713 1025 2103 1096 Dominum
2123 1080 2142 1115 ,
2183 1050 2421 1096 coram
2467 1026 2844 1099 illustribus
2889 1028 3057 1099 viris

946 1171 981 1210 α
1024 1142 1298 1214 futurus
1356 1139 1664 1211 ecclesiae
1714 1154 1954 1237 pastor
2001 1140 2424 1238 designatus
2489 1142 2628 1215 Sed
2673 1144 3052 1215 simoniaca

946 1287 981 1325 α
1022 1256 1299 1329 haeresis
1349 1256 1424 1327 in
1479 1256 1663 1327 Petri
1714 1255 2061 1327 soliditate
2121 1281 2234 1329 me
2295 1273 2594 1329 stantem
2655 1259 3044 1346 inveniens,

944 1401 981 1442 «
1024 1368 1361 1475 reppulit,
1416 1368 1782 1447 Arnulfum
1824 1371 2148 1467 praetulit.
2191 1372 2321 1442 Cui
2365 1387 2600 1445 tamen
2640 1373 2800 1471 plus
2835 1396 3048 1469 quam

944 1518 982 1557 «
1024 1488 1451 1586 oportuerit,
1511 1485 1738 1561 fidum
1782 1486 2200 1586 obsequium
2252 1488 2518 1587 praebui
2539 1541 2558 1577 ,
2609 1489 2840 1561 donec
2887 1514 3048 1561 eum

946 1632 985 1673 «
1022 1628 1151 1700 per
1184 1602 1444 1675 multos
1482 1618 1551 1675 et
1579 1626 1709 1701 per
1743 1626 1855 1673 me
1903 1618 2297 1702 apostatare
2340 1604 2576 1702 palam
2622 1603 3048 1700 intelligens,

946 1746 981 1785 κ
1024 1716 1192 1789 dato
1234 1717 1511 1815 repudii
1554 1716 1793 1788 libello
1810 1772 1829 1806 ,
1867 1740 2032 1788 cum
2079 1718 2412 1789 omnibus
2467 1720 2606 1790 suis
2662 1720 3060 1817 apostaticis

947 1860 983 1899 «
1025 1829 1398 1928 dereliqui3
1424 1856 1571 1902 non
1599 1855 1758 1930 spe,
1789 1854 1923 1901 nec
1949 1832 2275 1929 pactione
2301 1831 2708 1931 capessendi
2743 1832 2894 1929 ejus
2925 1831 3058 1903 ho·

946 1976 983 2014 «
1026 1948 1255 2037 noris,
1304 1962 1383 2019 ut
1419 1948 1561 2018 mei
1604 1946 1838 2019 aemuli
1879 1946 2158 2037 dicunt,
2211 1947 2338 2019 sed
2383 1950 2848 2019 monstruosis
2896 1973 3062 2047 ope-

946 2092 983 2139 «
1023 2064 1219 2135 ribus
1248 2064 1529 2136 territus
1558 2064 1613 2152 ⁴,
1647 2065 1721 2135 in
1757 2061 1984 2160 effigie
2022 2063 2330 2135 hominis
2361 2064 2720 2135 latitantis.
2764 2067 2924 2135 Non
2956 2064 3062 2135 in·

945 2208 981 2247 t<
1024 2179 1427 2278 quam-ideo
1456 2178 1655 2251 illum
1682 2178 2064 2277 dereliqui,
2095 2178 2222 2253 sed
2246 2204 2338 2251 ne
2363 2178 2538 2251 illud
2563 2180 3056 2281 propheticum

948 2326 985 2363 «
1024 2296 1457 2369 incurrerem
1499 2323 1516 2366 ε
1568 2298 1798 2391 Impio
1820 2293 2098 2391 proebes
2125 2294 2473 2367 amilium
2489 2348 2508 2377 ,
2533 2310 2606 2363 ec
2635 2296 2722 2365 ἰὼ·
2747 2298 2872 2391 qui
2899 2294 3054 2365 ode·

948 2442 984 2480 «
1027 2428 1197 2483 runt
1226 2438 1338 2483 me
1370 2414 1681 2481 ωπίοἱεία
1711 2412 2072 2509 junget-125,
2125 2428 2198 2482 et
2245 2408 2502 2481 idcirco
2543 2413 2729 2481 iram
2779 2410 3054 2509 quidem

948 2558 985 2597 κ
1024 2530 1321 2599 Domini
1372 2527 1774 2598 merebar-eir.
1833 2525 2108 2599 Deinde
2171 2526 2647 2599 sanctionibus
2705 2526 3056 2599 eeclesias-

949 2674 988 2715 «
1026 2644 1180 2718 ticis
1194 2699 1213 2735 ,
1252 2668 1384 2744 per
1430 2644 1642 2741 longa
1685 2656 2093 2743 temporum
2135 2644 2357 2742 spatia
2397 2645 2696 2745 peractis
2710 2697 2730 2734 ,
2769 2642 3058 2742 legeque

947 2792 984 2830 κ
1024 2761 1553 2862 perhemptoria
1576 2775 2068 2832 consummata
2085 2814 2103 2849 ,
2133 2785 2297 2833 cum
2323 2760 2499 2832 nihil
2523 2760 2719 2832 aliud
2739 2775 3054 2850 restaret,

950 2905 987 2946 κ
1029 2878 1165 2949 nisi
1212 2893 1289 2950 ut
1336 2875 1706 2974 judiciaria
1753 2875 2094 2974 principis
2155 2890 2498 2978 potestate
2547 2874 3058 2966 coherceretur,

950 3021 989 3061 «
1026 3008 1097 3066 et
1138 3003 1475 3092 tanquam
1520 2991 1892 3078 seditiosus
1947 3017 2030 3064 ac
2089 2991 2368 3065 rebellis
2423 3016 2466 3064 a
2530 2991 2904 3091 principali
2955 3019 3063 3066 ca-

949 3140 984 3178 «
1028 3109 1278 3182 thedra
1306 3101 1816 3198 removeretur,
1857 3109 2009 3208 lege
2047 3109 2346 3180 Africani
2378 3107 2700 3197 concilii,
2732 3109 2989 3181 iterum
3021 3135 3060 3182 a

948 3263 984 3301 c<
1028 3233 1355 3305 fratribus
1386 3233 1563 3304 meis
1588 3247 1658 3303 et
1688 3233 1887 3334 regni
1906 3229 2319 3330 primatibus
2349 3247 2739 3304 conventus
2763 3247 2837 3304 et
2867 3257 3058 3303 com-

950 3382 989 3419 «.
1028 3352 1342 3424 monitus
1384 3375 1543 3421 sum
1563 3403 1582 3439 ,
1624 3364 1705 3420 ut
1742 3349 2024 3431 excluso
2058 3362 2376 3448 apostata
2407 3373 2650 3423 curam
2687 3348 2958 3422 discissi
2991 3364 3058 3422 et

950 3499 986 3536 «
1025 3468 1341 3544 dilaniati
1367 3469 1792 3565 susciperem
1819 3465 2088 3565 populi.
2119 3465 2334 3557 Quod
2357 3460 2662 3563 quidenf
2672 3481 2744 3542 et
2777 3466 2902 3538 diu
2928 3467 3056 3540 dis-

950 3616 986 3654 «
1030 3585 1157 3658 tuli
1178 3637 1201 3675 ,
1220 3599 1307 3660 .et
1338 3599 1585 3684 postea
1632 3609 1781 3656 non
1825 3584 1990 3656 satis
2031 3596 2284 3680 sponte
2331 3582 2682 3679 acquievi,
2721 3583 3056 3679 quoniam

949 3733 985 3770 α
1028 3727 1185 3800 quae
1233 3715 1753 3774 tormentorum
1795 3723 2052 3796 genera
2095 3723 2212 3770 me
2263 3698 2790 3786 comitarentur,
2835 3699 3055 3768 omni-

948 3849 985 3888 «
1028 3817 1261 3891 modis
1284 3817 1615 3889 intellexi.
1647 3819 1810 3888 Haec
1839 3830 1944 3888 est
1975 3816 2250 3888 viarum
2275 3837 2594 3886 mearum
2625 3813 3050 3912 simplicitaS,

950 3971 987 4008 «
1028 3940 1179 4011 haec
1222 3938 1641 4010 innocentiae
1681 3939 1981 4034 puritas,
2012 3952 2084 4008 et
2129 3959 2371 4008 coram
2405 3935 2715 4006 Domino
2753 3950 2825 4006 et
2859 3934 3054 4006 vobis

950 4089 985 4128 «
1028 4054 1503 4129 sacerdotibus
1537 4058 1608 4126 in
1644 4055 1756 4126 his
1781 4055 2114 4128 omnibus
2142 4054 2408 4125 munda
2437 4054 2888 4125 conscientia.
2925 4081 2958 4118 n

1012 4285 1029 4314 ¹
1066 4299 1119 4336 o.
1152 4279 1351 4334 diaboli
1372 4279 1571 4332 virtutis
1592 4279 1647 4330 in
1670 4281 1752 4332 ed.
