3459 5375
1400 824 1822 947 LIBER
1878 854 2495 963 QUARTUS.

1925 1280 1974 1362 1ss

975 1478 1268 1577 Sepulto
1310 1480 1645 1553 Lothario
1667 1535 1686 1571 ,
1719 1481 2125 1553 Lud'ovicus
2175 1480 2362 1552 filius
2417 1506 2460 1551 a
2513 1481 2698 1551 duce
2739 1480 3032 1577 aliisque

878 1595 1318 1695 principibus
1339 1597 1413 1668 in
1442 1622 1744 1694 regnum
1769 1597 2216 1694 subrogatur.
2251 1596 2838 1668 Circumvallatur
2859 1618 3028 1694 ergo

874 1714 1144 1787 ambitu
1172 1716 1691 1787 universorum.
1724 1715 2158 1787 Promittunt
2181 1713 2740 1786 benivolentiam
2764 1710 2796 1805 3'
2818 1738 3031 1812 spon-

874 1830 1049 1905 dent
1099 1830 1360 1923 fidem3
1418 1812 1796 1930 stipatores
1847 1832 2064 1904 etiam
2114 1831 2312 1903 vario
2365 1830 2565 1903 cultu
2625 1830 2642 1867 ⁴
2707 1829 3030 1903 facienda

872 1948 1238 2035 dictabant
1308 1950 1363 2022 ¹.
1448 1948 1578 2021 Alii
1636 1950 1834 2023 enim
1884 1950 1959 2021 in
2017 1948 2294 2048 palatiis
2347 1948 2374 1986 ²
2441 1948 2510 2037 ei
2570 1947 3029 2020 residendum

871 2066 1258 2142 censebant
1276 2122 1295 2159 ,
1321 2083 1401 2139 ut
1426 2060 1786 2166 principes
1811 2066 1906 2139 ad
1926 2094 2004 2139 se
2029 2066 2476 2139 confluentes
2493 2120 2515 2157 ,
2544 2066 2698 2163 ejus
2727 2048 3027 2165 imperio

870 2184 1335 2275 deservirent,
1377 2210 1472 2257 ne
1497 2186 1689 2283 regia
1714 2185 2020 2283 dignitas
2044 2184 2414 2257 vilesceret
2433 2236 2453 2275 ,
2487 2184 2546 2255 si
2574 2182 2746 2255 alias
2780 2198 3028 2280 utpote

867 2303 1102 2400 inopS,
1130 2302 1339 2377 alieni
1368 2302 1682 2401 suffragii
1700 2318 1975 2401 peteret
1996 2327 2213 2400 opes3
2245 2301 2322 2373 in
2344 2302 2545 2372 omni
2571 2288 2787 2373 etiam
2808 2299 3028 2397 digni-

868 2434 1011 2491 tate
1042 2419 1117 2490 id
1147 2444 1301 2491 esse
1328 2420 1734 2493 cavendum
1752 2472 1772 2511 ,
1803 2444 1897 2491 ne
1924 2421 1998 2491 in
2023 2418 2420 2524 primordio
2457 2418 2765 2516 suseepti
2789 2416 3024 2508 hono-

866 2536 965 2607 ris
988 2589 1007 2625 ,
1041 2536 1373 2632 segnities
1398 2552 1471 2609 et
1508 2538 1791 2634 ignavia
1828 2538 2166 2609 virtutem
2204 2534 2616 2608 habendam
2656 2550 3015 2633 superent.

866 2657 1047 2726 Nam
1073 2654 1131 2726 si
1171 2652 1247 2726 id
1274 2650 1356 2727 fit
1384 2654 1409 2692 ³
1460 2668 1683 2728 totam
1716 2656 1932 2728 etiam
1957 2680 2113 2729 rem
2147 2655 2224 2728 in
2249 2642 2842 2754 contemptumet
2868 2652 3022 2726 vili-

862 2785 1083 2842 tatem
1131 2772 1716 2870 pernitiosissime
1770 2773 2262 2845 deventuram.
2327 2772 2457 2844 Alii
2511 2781 2806 2870 quoque
2855 2798 3022 2844 cum

865 2886 1052 2959 duce
1073 2889 1139 2958 ei
1166 2889 1772 2962 commorandum
1791 2889 2229 2980 asserebant,
2261 2915 2354 2962 eo
2374 2887 2577 2988 quod
2603 2888 3022 2962 adolescens

862 3004 1039 3075 tanti
1071 3005 1416 3104 principis
1450 3006 1834 3105 prudentia
1872 3007 2083 3079 simul
2111 3022 2182 3079 et
2199 3003 2468 3080 ⁴virtute
2503 3006 2872 3078 informari
2913 3007 3020 3077 in-

863 3120 1173 3219 digeret3
1207 3122 1342 3195 sibi
1365 3149 1659 3222 quoque
1687 3123 2072 3203 utillimum
2099 3125 2288 3216 fieri,
2334 3127 2392 3197 si
2431 3125 2742 3224 potentis
2777 3124 3018 3223 dispo-

860 3239 1099 3311 sitioni
1137 3241 1233 3313 ad
1280 3257 1561 3342 tempus
1606 3243 1931 3336 cederet,
1975 3269 2142 3316 cum
2188 3245 2342 3317 sine
2369 3269 2457 3316 eo
2485 3269 2620 3316 nee
2671 3242 3019 3340 regnandi

865 3355 1261 3452 potentiam
1278 3357 1547 3430 habere
1574 3383 1659 3430 ex
1682 3360 1958 3457 integro
1983 3374 2250 3459 posset,
2281 3375 2355 3432 et
2376 3383 2509 3458 per
2534 3383 2703 3431 eum
2727 3373 3016 3430 strenue

863 3485 1078 3570 atque
1109 3473 1367 3547 utiliter
1392 3476 1640 3548 omnia
1656 3475 2131 3549 administrari
2157 3476 2498 3549 valerent.
2527 3479 2672 3547 Rex
2695 3475 3015 3575 partibus

862 3587 1121 3660 auditis
1141 3644 1160 3680 ,
1220 3595 1645 3665 sententiam
1693 3593 1987 3666 distulit.
2046 3593 2324 3666 Collato
2376 3618 2549 3665 vero
2601 3601 2770 3666 cuni
2830 3592 3014 3665 duoe

808 3730 813 3740 ·
858 3703 1157 3778 consilio
1173 3761 1193 3798 ,
1222 3709 1290 3780 ei
1320 3708 1581 3781 abinde
1607 3726 1760 3783 tota
1783 3726 2025 3784 mente
2050 3710 2376 3784 addictus
2402 3710 2594 3783 favit.

930 3938 945 3967 ¹
986 3939 1102 4006 cul,
1132 3937 1220 3991 dic
1254 3959 1315 3991 ea:
1336 3933 1541 4010 conjeet.
1566 3925 1575 3937 ⁸

922 4023 946 4052 ²
982 4041 1039 4092 p.
1064 4040 1275 4078 suarum
1300 4027 1509 4080 urbium
1534 4027 1713 4080 deleta.

929 4105 953 4136 ⁸
991 4108 1065 4160 c'ta
1088 4107 1201 4159 cod.
