3459 5375
924 554 1046 614 :300
1627 551 1958 614 RICHERI
1999 550 2142 613 LIB.
2190 552 2294 611 lv.

928 714 964 751 «
1006 684 1409 755 stitueretur
1436 682 1851 782 episcopus?
1887 687 2042 755 Jam
2085 682 2178 756 de
2212 704 2472 781 sponsa
2509 696 2710 781 rapta
2735 680 3044 781 sedeque

930 827 967 864 «
1007 820 1301 895 pervasa
1350 796 1547 893 quod
1599 795 1879 883 dicitur,
1937 796 2398 869 ridiculosum
2455 810 2582 867 est.
2629 797 2806 869 Dico
2854 797 3044 868 enim

932 943 965 981 «
1008 915 1343 1012 primum,
1376 936 1766 1010 numquam
1799 910 1980 983 illius
2005 912 2217 984 fuisse
2249 936 2608 1010 sponsam,
2636 936 2879 1010 quam,
2910 937 3044 1011 pro

931 1067 966 1103 «
1008 1036 1317 1133 legitima
1342 1034 1727 1107 donatione
1762 1034 2135 1133 spiritualis
2172 1034 2382 1124 dotis,
2422 1032 2692 1106 collatis
2729 1049 2892 1105 ante
2923 1034 3046 1107 be·

932 1187 967 1223 «
1012 1154 1279 1227 neficiis
1324 1154 1733 1253 expoliavit,
1781 1154 2121 1254 proscidit
2169 1178 2252 1226 ac
2302 1153 2682 1227 dilaniavit.
2727 1154 3044 1226 Necdum

930 1300 966 1336 «
1010 1268 1425 1342 sacerdotali
1461 1268 1676 1341 anulo
1720 1271 2082 1368 insignitus
2117 1286 2298 1361 erat,
2333 1287 2401 1344 et
2427 1272 2577 1368 jam
2611 1271 2852 1342 omnia
2889 1296 3046 1369 quae

931 1418 967 1455 «
1009 1387 1483 1459 denominatae
1520 1411 1796 1487 sponsae
1833 1388 2042 1461 fuisse
2085 1387 2531 1478 videbantur,
2563 1388 2884 1461 satellites
2921 1391 3045 1485 Sy-

928 1533 965 1570 «
1012 1504 1243 1575 monis
1267 1518 1731 1577 vastaverant.
1760 1506 1942 1577 Dico
1979 1507 2186 1578 etiam
2203 1560 2222 1595 ,
2251 1506 2309 1577 si
2335 1506 2844 1578 concederetur
2868 1531 3044 1603 quo-

928 1655 964 1693 «
1006 1624 1179 1697 libet
1212 1626 1432 1698 modo
1469 1626 1651 1697 illius
1702 1652 1960 1726 sponsa
2010 1628 2220 1700 fuisse
2241 1682 2261 1719 ,
2314 1630 2558 1726 utique
2605 1652 2757 1701 esse
2793 1628 2998 1700 desiit
3013 1682 3036 1715 ,

928 1772 963 1809 <c
1006 1757 1386 1841 postquam
1428 1768 1585 1815 eam
1618 1743 1967 1841 pollutam
2009 1760 2080 1815 et
2111 1744 2442 1817 violatam
2455 1800 2476 1835 ,
2517 1759 2590 1817 et
2611 1797 2630 1833 ‚
2671 1760 2753 1816 ut
2799 1745 2896 1816 ita
2934 1744 3044 1816 di-

928 1891 963 1929 «
1006 1886 1165 1934 cam
1188 1916 1207 1952 ‚
1252 1862 1715 1936 adulteratam
1759 1866 1902 1936 suis
1944 1864 2377 1963 predonibus
2413 1865 2811 1964 prostravit.
2859 1870 3044 1937 Num

930 2006 965 2047 «
1008 1980 1217 2076 igitur
1262 2004 1456 2069 eam,
1505 1996 1627 2051 aut
1674 2006 1890 2077 quam
1935 2005 2083 2053 non
2133 1980 2420 2069 habuit,
2475 1995 2595 2053 aut
2640 2006 2854 2079 quam
2912 2006 3047 2055 suo

928 2123 966 2161 «
1008 2093 1272 2166 scelere
1297 2094 1640 2193 perdidit,
1678 2094 1860 2167 illius
1894 2120 2227 2195 sponsam
2253 2096 2500 2197 rapui?
2525 2096 2781 2169 Sedem
2807 2112 3044 2169 autem

926 2208 965 2278 ἀ
1012 2210 1446 2309 populorum
1494 2212 1946 2284 multitudine
1991 2212 2317 2285 refertam
2335 2268 2354 2303 ,
2413 2214 2689 2286 advena
2736 2228 2806 2285 et
2847 2239 3044 2314 pere·

930 2357 966 2395 «
1006 2328 1245 2424 grinus
1272 2382 1292 2419 ,
1322 2328 1533 2401 nullis
1581 2329 1797 2401 fretus
1839 2329 2094 2429 opibus
2115 2386 2135 2419 ‚
2179 2329 2566 2430 pervadere
2620 2329 2744 2427 qui
2792 2330 3042 2429 potui?

929 2473 965 2511 «
1006 2444 1145 2516 Sed
1167 2445 1347 2516 forte
1383 2445 1771 2543 apostolica
1795 2446 1994 2519 sedes
2019 2445 2229 2518 nobis
2249 2448 2660 2545 opponitur,
2681 2460 3044 2544 tamquam

928 2587 965 2626 «
1006 2582 1091 2631 ea
1152 2558 1548 2631 inconsulta
1604 2586 1962 2632 summum
2009 2560 2152 2633 hoc
2220 2562 2598 2657 negocium
2647 2561 3042 2632 discussum

929 2705 965 2743 «
1008 2676 1132 2766 sit,
1162 2675 1276 2748 vel
1322 2678 1716 2773 ignorantia
1742 2732 1761 2768 ‚
1792 2679 1906 2750 vel
1953 2676 2660 2752 contumacia.'Certe
2707 2678 2884 2751 nihil
2930 2703 3040 2751 ac·

930 2821 967 2861 «
1005 2807 1158 2863 tum
1190 2793 1301 2864 vel
1328 2795 1684 2891 agendum
1710 2795 1839 2868 fuit
1859 2851 1878 2884 ‚
1911 2795 2109 2894 quod
2132 2795 2531 2894 apostolicae
2555 2797 2707 2869 sedi
2741 2796 3039 2868 relatum

930 2935 966 2973 «
1008 2931 1155 2979 non
1194 2907 1434 3000 fuerit,
1469 2911 1761 3008 ejusque
1811 2935 1941 3012 per
1986 2910 2232 2984 decem
2281 2926 2350 2984 et
2393 2928 2558 2985 octo
2600 2938 2878 2985 menses
2917 2938 3037 2984 ex-

930 3052 965 3090 «
1006 3039 1288 3122 pectata
1320 3027 1687 3098 sententia.
1721 3027 1862 3099 Sed
1899 3027 2073 3099 dum
2110 3026 2201 3099 ab
2234 3026 2642 3099 hominibus
2669 3027 3038 3099 consilium

928 3169 965 3206 «
1008 3164 1155 3210 non
1206 3143 1503 3242 capitur,
1568 3143 1661 3216 ad
1715 3141 1838 3214 filii
1899 3143 2030 3215 Dei
2091 3144 2619 3240 supereminens
2681 3143 3042 3242 eloquium

928 3285 963 3323 <c
1003 3259 1386 3330 recurritur
1438 3288 1453 3330 τ
1500 3265 1555 3331 S
1556 3263 1586 3331 ι’
1625 3260 1864 3332 oculus
1880 3317 1902 3348 ,
1959 3260 2188 3357 inquit
2205 3313 2224 3348 ‚
2285 3276 2444 3332 tuus
2499 3259 2942 3332 scandalizat
2976 3277 3040 3332 te

928 3401 965 3440 «
1004 3388 1076 3444 et
1115 3373 1385 3472 reliqua
1418 3377 1473 3446 ⁴.
1518 3380 1605 3447 Et
1638 3376 1925 3449 fratrem
1967 3391 2379 3473 peccantem
2399 3429 2419 3468 ‚
2459 3401 2705 3448 coram
2750 3375 3036 3450 testibus

928 3517 966 3554 «
1008 3513 1393 3587 coramque
1428 3490 1717 3563 ecclesia
1751 3492 2269 3564 commonitum
2283 3545 2302 3581 ‚
2345 3507 2414 3564 et
2457 3517 2605 3564 non
2649 3491 3032 3566 obaudien-

928 3635 965 3672 «
1008 3619 1150 3676 tem
1171 3659 1191 3696 ,
1242 3606 1559 3679 decernit
1606 3607 2018 3680 habendum
2081 3622 2440 3706 tamquam
2499 3608 2864 3681 ethnicum
2902 3609 2930 3647 ²
2968 3625 3036 3682 et

928 3749 964 3788 «
1009 3722 1490 3818 publicanum.
1540 3727 1946 3796 Conventus
1981 3749 2151 3821 ergo
2195 3724 2523 3797 Arnulfus
2536 3780 2557 3815 ,
2595 3740 2667 3797 et
2719 3747 3032 3798 commo-

928 3866 964 3904 «
1007 3838 1193 3908 nitus
1238 3837 1482 3910 litteris
1548 3855 1618 3911 et
1678 3838 1920 3936 legatis
1980 3841 2480 3939 episcoporum
2528 3839 2769 3912 Galliae
2783 3895 2802 3930 ,
2859 3854 2939 3912 ut
2993 3866 3036 3914 a

927 3981 962 4019 κ
1005 3969 1239 4052 coepto
1266 3955 1500 4027 surore
1523 3955 1881 4028 desisteret
1901 4008 1921 4045 ,
1949 3971 2020 4028 et
2033 4010 2051 4045 ‚
2086 3957 2145 4028 si
2171 3956 2430 4029 valeret
2448 4011 2467 4047 ,
2499 3982 2691 4055 quoq
2699 3981 2794 4029 uo
2820 3957 3044 4028 modo.

995 4175 1009 4203 ¹
1052 4186 1100 4226 te
1122 4193 1243 4228 erue
1266 4194 1385 4228 eum
1403 4215 1418 4241 ,
1448 4188 1499 4228 et
1524 4176 1722 4248 proJice
1745 4176 1890 4229 illum
1921 4178 2010 4232 aba
2039 4190 2088 4230 te
2110 4177 2191 4230 ed.

993 4259 1015 4292 ⁸
1050 4259 1317 4313 hetnicum
1340 4283 1385 4313 c.
1412 4274 1704 4313 constanter.
