3459 5375
854 493 976 556 238
1579 479 1915 553 RICHERI
1958 487 2109 551 LIB.
2160 485 2272 547 lv.

857 652 896 692 t<
937 645 1123 696 cam.
1157 621 1399 712 Dudo,
1424 621 1666 694 Karoli
1699 618 1924 708 miles,
1966 619 2291 692 hortatus
2326 633 2432 692 est
2457 634 2540 691 ut
2582 618 2773 692 hanc
2808 621 3001 694 unde

857 771 894 810 «
935 740 1057 812 hic
1110 739 1418 837 quaeritis
1482 737 1969 838 proditionem
2022 735 2443 834 aggrederer
2464 789 2483 819 ,
2539 737 2641 808 sic
2702 736 3001 810 domino

857 888 898 926 «
939 882 1103 930 meo
1159 857 1439 955 placere
1469 857 1770 952 juratus.
1824 853 2032 925 Unde
2078 877 2247 925 cum
2288 853 2354 925 ei
2404 878 2556 925 non
2593 852 2960 926 crederem
2975 908 2996 945 ‚

859 1004 898 1044 «
939 974 1318 1047 dominum
1370 997 1614 1044 meum
1654 997 1787 1071 per
1832 995 1949 1042 me
2002 971 2454 1068 interrogavi.
2513 973 2680 1043 Sese
2730 970 2806 1042 id
2852 969 3003 1043 fieri

857 1121 897 1160 «
938 1090 1121 1164 velle
1147 1089 1538 1188 respondit.
1569 1093 1666 1160 Ut
1693 1102 1934 1160 autem
1956 1071 2099 1160 hoe
2127 1086 2442 1160 dedecus
2465 1088 2699 1188 specie
2720 1083 3006 1160 honesti

860 1239 898 1278 «
941 1207 1320 1299 velaretur,
1359 1206 1624 1279 Karolo
1655 1230 1911 1278 manus
1941 1205 2143 1296 dedi3
2172 1205 2465 1304 ejusque
2492 1203 2739 1296 factus,
2768 1204 3007 1303 prodi-

863 1355 901 1394 «
942 1325 1214 1396 tionem
1242 1347 1374 1422 per
1409 1337 1935 1395 sacramentum
1970 1321 2355 1421 spopondi.
2399 1325 2486 1393 Et
2512 1320 2646 1393 feci
2670 1321 3001 1420 quidem,

862 1476 900 1510 «ι
943 1441 1070 1514 sed
1115 1465 1267 1513 non
1323 1438 1654 1536 injussus.
1708 1438 1927 1528 Quod
1962 1440 2024 1510 si
2061 1437 2268 1511 vobis
2330 1438 2586 1511 falsum
2632 1439 2956 1512 videatur
2978 1491 3001 1530 ‚

864 1589 902 1628 u
944 1541 1233 1659 paratus
1259 1577 1420 1630 sum
1446 1558 1692 1629 onmia
1704 1556 2131 1652 juditiorum
2148 1579 2410 1654 genera
2434 1553 2695 1628 subire.
2724 1587 2762 1624 n

933 1926 1140 1983 LXIII.
1159 1959 1233 1970 -
1247 1928 1427 1982 Brevis
1447 1943 1500 1981 et
1515 1929 1547 1962 ¹¹
1569 1925 1807 1982 dilucida
1822 1927 1854 1962 '¹'
1883 1925 2263 1982 demonstratio
2276 1928 2310 1963 '¹⁸
2334 1929 2569 1983 criminis
2582 1931 2613 1964 ¹*
2642 1949 2675 1982 a
2694 1929 2943 1983 Guidone

1764 2025 2015 2097 episcopo
2036 2025 2088 2077 ὓ.

899 2273 904 2276 ¹
960 2184 1227 2276 Guido,
1249 2183 1775 2256 Suessionensis
1802 2184 2206 2282 episcopm,
2227 2181 2441 2256 dixit:
2469 2214 2506 2253 «
2530 2189 2623 2257 Ut
2646 2184 2767 2257 hic
2797 2210 2883 2257 ex
2904 2209 3012 2258 ra·

867 2333 906 2371 κ
948 2303 1141 2373 tione
1197 2299 1412 2397 hujus
1483 2297 1919 2396 intelligitur,
1984 2300 2196 2372 unius
2254 2315 2493 2374 reatus
2551 2301 2733 2374 forte
2800 2301 3013 2375 ambo

871 2447 908 2485 «
954 2429 1313 2488 tenentur.
1378 2419 1559 2485 Nam
1607 2439 1777 2486 cum
1824 2413 1945 2486 hic
1991 2439 2143 2490 sese
2185 2415 2496 2488 effecisse
2530 2432 2829 2508 asserat,
2867 2442 3013 2490 non

871 2565 910 2602 «
953 2549 1062 2606 est
1084 2531 1426 2604 immunis
1461 2531 1522 2628 ej
1531 2557 1612 2603 us
1639 2529 1978 2604 dominus
2004 2531 2131 2629 qui
2151 2530 2423 2604 facinus
2460 2533 3015 2633 perpetrandum

871 2681 910 2720 κ
953 2651 1174 2723 suasit
1189 2705 1209 2741 ,
1244 2673 1332 2722 eo
1363 2647 1566 2746 quod
1599 2646 1880 2721 sceleris
1906 2671 2195 2721 causam
2232 2674 2310 2723 se
2336 2649 2575 2751 ipsum
2608 2651 3007 2752 praebuerit.

870 2798 912 2835 «
953 2767 1314 2857 Quoniam
1331 2790 1502 2864 ergo
1522 2764 1889 2863 utriusque
1906 2767 2274 2864 negotium
2286 2768 2559 2865 juditiis
2576 2769 3016 2843 evidentibus

873 2911 915 2951 «
953 2896 1263 2974 constat,
1305 2907 1474 2955 cum
1519 2881 1695 2954 alter
1735 2881 2007 2954 facinus
2056 2884 2353 2956 suaserit
2378 2938 2397 2975 ‚
2443 2884 2620 2957 alter
2660 2886 2970 2958 effecerit
2994 2940 3013 2975 ‚

871 3036 914 3075 α
948 3006 1186 3103 juditii
1231 3030 1533 3079 censura
1577 3020 1888 3078 vestram
1933 3007 2430 3106 paternitatem
2481 3033 2629 3080 non
2664 3008 2857 3081 latet.
2902 3013 3023 3083 Est

875 3150 914 3191 «
954 3123 1171 3195 etiam
1193 3121 1394 3220 quod
1412 3120 1673 3219 juditio
1697 3122 2037 3195 habendo
2059 3123 2243 3195 vires
2268 3123 2603 3224 praebeat,
2628 3125 2829 3223 quod
2853 3150 3019 3198 cum

870 3268 914 3308 α
954 3241 1104 3339 ipse
1132 3240 1506 3338 episcopus
1542 3238 1971 3338 proditionis
2002 3254 2253 3312 auctor
2278 3242 2614 3313 exstiterit
2632 3298 2652 3332 ,
2705 3258 2783 3315 ut
2812 3267 3021 3315 suum

871 3386 912 3426 «
957 3356 1302 3455 flagitium
1338 3356 1652 3429 melioris
1679 3356 1814 3429 zeli
1839 3357 2115 3430 fervore
2142 3372 2432 3456 tegeret,
2468 3358 2708 3431 multae
2734 3384 3017 3432 excom·

877 3504 914 3543 «
955 3474 1454 3547 municationis
1481 3490 1552 3545 et
1583 3473 2105 3548 maledictionis
2131 3475 2605 3569 anathemate,
2650 3502 2694 3549 a
2718 3502 3018 3576 corpore

877 3622 914 3659 «
959 3607 1031 3664 et
1057 3592 1396 3690 sanguine
1421 3592 1716 3665 Domini
1741 3595 2127 3693 separavit,
2170 3609 2383 3692 atque
2412 3593 2503 3666 ab
2528 3594 2829 3667 ecclesia
2852 3594 3018 3667 fide·

875 3738 914 3777 «
956 3708 1134 3779 lium
1183 3708 1552 3807 suspendit
1570 3762 1589 3798 ‚
1653 3710 2110 3783 Remensium
2175 3712 2600 3810 praedonum
2650 3729 2972 3785 auctores
2990 3766 3009 3801 ‚

875 3853 914 3893 «
957 3822 1256 3895 factores
1275 3876 1296 3915 ,
1343 3840 1847 3923 cooperatores
1868 3881 1888 3917 ,
1940 3826 2250 3901 fautores
2272 3882 2293 3919 ,
2340 3843 2412 3901 et
2461 3853 2505 3902 a
2540 3830 2849 3927 propriis
2894 3828 3018 3901 do-

873 3970 916 4007 «
959 3939 1172 4010 minis
1218 3964 1496 4031 rerum,
1530 3939 1666 4013 sub
1703 3942 2091 4042 emptionis
2118 3946 2448 4036 nomine,
2482 3944 3009 4018 abalienatores„

875 4086 916 4125 «
960 4056 1102 4130 Sed
1127 4082 1295 4130 cum
1322 4058 1502 4129 tanti
1535 4057 1706 4129 mali
1734 4060 2113 4162 episcopus
2137 4079 2387 4136 auctor
2412 4065 2659 4137 existat
2676 4118 2699 4155 ‚
2740 4064 3020 4136 anathe-

933 4258 966 4291 ''’
1004 4270 1055 4309 et
1079 4256 1164 4321 di,
1198 4276 1354 4323 mon,
1383 4256 1568 4323 minis,
1601 4259 1825 4330 piscopo
1850 4259 2061 4312 abscisa.
