3459 5375
906 578 1025 633 110
1616 568 1950 629 RICHERI
1995 566 2146 629 LIB.
2199 564 2315 629 111.

898 708 973 777 in
1012 706 1197 779 dolis
1230 702 1755 805 componendis
1789 683 2238 803 insidiatores
2291 700 2530 799 studio
2581 716 2653 773 et
2705 702 2824 775 hic
2869 705 3050 777 nite-

896 839 1168 897 rentur.
1200 821 1519 894 Tandem
1544 834 1912 893 tantorum
1945 816 2303 894 malorum
2325 842 2642 909 securus,
2683 818 2912 894 Gallia
2944 848 3054 895 re·

902 957 1154 1043 ceptus
1191 957 1318 1014 est.

1825 1052 2131 1107 LXXXIX.

999 1194 1316 1291 Cognitis
1350 1207 1591 1265 autem
1630 1206 2102 1288 utrorumque
2134 1189 2318 1262 dolis
2355 1189 2447 1261 ab
2477 1206 2780 1289 utroque
2793 1247 2813 1285 ,
2855 1172 3054 1267 ta'nta

902 1310 1319 1383 crudelitate
1356 1311 1431 1381 in
1470 1331 1545 1381 se
1580 1332 1731 1383 non
1767 1308 1984 1380 armis
2026 1307 2154 1381 sed
2207 1308 2482 1381 insidiis
2515 1308 2896 1385 latentibus
2933 1311 3054 1385 de-

900 1427 1227 1499 bacchati
1264 1440 1432 1499 sunt
1449 1480 1467 1517 ,
1500 1440 1581 1501 ut
1608 1424 1884 1521 aliquot
1919 1426 2124 1497 annis
2149 1450 2262 1497 res
2293 1421 2580 1526 publica
2613 1428 3054 1527 principibus

902 1544 1409 1617 dissidentibus
1445 1543 1757 1614 multum
1789 1542 2170 1617 lederetur.
2202 1547 2400 1615 Tunc
2425 1546 2642 1617 etiam
2666 1544 3055 1619 multarum

902 1688 1145 1735 rerum
1174 1662 1675 1760 usurpationes
1692 1714 1713 1750 ,
1746 1660 2174 1731 miserorum
2210 1686 2502 1759 quoque
2523 1663 3050 1762 oppressiones,

904 1794 979 1851 et
1006 1780 1195 1851 circa
1220 1778 1461 1849 minus
1491 1769 1825 1877 potentes
1843 1829 1863 1865 ,
1909 1775 2344 1849 calamitates
2377 1778 2657 1851 nefariae
2681 1802 2736 1850 a
2765 1778 3056 1879 quibus-

903 1896 1073 1968 dam
1105 1896 1343 1998 pravis
1368 1895 1692 1966 exercitae.
1727 1908 1920 1965 sunt.
1965 1898 2148 1965 Cum
2175 1895 2546 1991 utriusque
2591 1898 3056 1995 sapientiores
3133 1973 3136 1976 ,

902 2011 979 2083 in
1016 2036 1253 2083 unum
1280 2009 1612 2082 consultu
1620 2010 1679 2079 ri
1714 2009 2224 2083 convenientes
2248 2063 2266 2100 ,
2307 2010 2668 2110 principes
2715 2012 3056 2087 dissidere

904 2126 1215 2229 plurima
1249 2123 1874 2200 commiseratione
1910 2127 2284 2223 conquesti
2319 2141 2508 2199 sunt.

1366 2329 1484 2385 xc.
1503 2358 1575 2371 -
1602 2329 1840 2381 bothan-ii
1867 2342 1919 2381 et
1947 2305 2186 2399 H'ugonis
2211 2330 2592 2385 reconciliatio.

1000 2476 1560 2572 statueruntque
1604 2488 1686 2545 ut
1721 2472 2009 2557 alterius
2045 2472 2356 2547 fautores
2408 2475 2502 2547 ad
2553 2477 2854 2551 alterum
2890 2506 3051 2551 sua-

822 2680 825 2685 ,
902 2594 1053 2666 suri
1078 2574 1189 2664 de*
1201 2591 1777 2664 reconciliatione
1808 2590 2223 2683 transirent,
2266 2608 2347 2664 ut
2380 2592 2716 2675 alteruter
2751 2594 3051 2669 benivo-

906 2713 1125 2787 lentia
1158 2711 1559 2788 alterutrius
1598 2726 1848 2808 captus
1866 2763 1886 2800 ,
1929 2709 2198 2782 facilius
2233 2709 2368 2782 sibi
2414 2712 3046 2806 condescenderet,

906 2855 1219 2930 eumque
1240 2856 1375 2928 pro
1393 2829 1541 2902 lesa
1565 2827 1884 2908 amicicia
1910 2827 2150 2899 utilius
2176 2831 2550 2928 peniteret.
2584 2831 2802 2919 Quod
2825 2833 2840 2868 ¹
2881 2821 3052 2905 con-

904 2950 1175 3022 sultum
1194 3003 1213 3038 ,
1254 2971 1405 3020 non
1445 2947 1673 3038 multo
1718 2961 1885 3049 post
1919 2947 2253 3020 effectum
2285 2948 2560 3028 habuit.
2605 2955 2786 3022 Nam
2829 2967 2900 3023 et
2951 2953 3051 3026 eis

904 3063 1388 3150 efficacissime
1410 3087 1830 3162 persuasum
1866 3077 1972 3134 est
1985 3116 2005 3153 ,
2056 3088 2140 3135 ac
2173 3064 2484 3162 plurima
2507 3053 2890 3140 dilectione
2919 3067 3050 3139 sibi

904 3186 1167 3259 annexi
1190 3197 1378 3258 sunt.
1422 3186 1535 3292 Sic
1570 3185 1786 3258 etiam
1821 3186 1894 3256 in
1923 3186 2242 3284 utrisque
2263 3187 2374 3258 ,vis
2409 3186 2742 3260 amiciciae
2777 3171 3053 3262 firmata

908 3304 1058 3375 visa
1092 3317 1223 3374 est.

1227 3491 1373 3544 XCI.
1392 3521 1465 3531 —
1479 3492 1754 3556 Promotio
1779 3491 2039 3550 Ludovici
2061 3493 2366 3570 inreguum
2391 3495 2432 3545 F
2431 3509 2738 3554 munorum.

974 3635 1289 3728 Etenim
1324 3659 1505 3720 cum,
1542 3659 1666 3705 rex
1719 3632 1949 3706 filium
1993 3658 2204 3706 suum
2241 3635 2685 3710 Ludovicum
2719 3641 2794 3712 in
2831 3665 3051 3739 regno

898 3751 1041 3824 sibi
1075 3750 1461 3854 succedere
1498 3750 1744 3841 vellet,
1787 3752 2024 3851 ipsum
2059 3772 2350 3852 quoque
2387 3779 2430 3826 a
2472 3754 2657 3828 duce
2702 3759 3056 3833 ordinan-

907 3869 1089 3940 dum
1122 3883 1469 3966 quaereret
1485 3925 1503 3959 ,
1559 3867 1706 3939 dux
1754 3867 1943 3940 hanc
1988 3866 2515 3944 ordinationem
2565 3898 2735 3946 mox
2783 3865 3054 3950 liberali

903 3986 1151 4058 animo
1188 4007 1263 4057 se
1290 3985 1952 4058 administraturum
1978 3988 2367 4086 respondit.
2411 3993 2500 4061 Et
2541 3991 2784 4090 legatis
2829 3994 3056 4068 direc-

902 4104 998 4175 tis
1015 4150 1037 4194 ,
1076 4127 1465 4200 regnorum
1508 4103 1868 4201 principes
1903 4106 2330 4204 Compendii
2366 4109 2686 4207 collegit3
2729 4111 2972 4212 ibique
3012 4139 3055 4186 a

980 4334 997 4362 ¹
1036 4332 1107 4397 Q.
1135 4333 1341 4384 senatus
1363 4329 1515 4382 delet.
