3459 5375
740 560 748 565 '
873 562 914 620 6
1583 557 1920 621 RICHERI
1963 559 2113 621 LIB.
2162 560 2281 621 111.

869 705 1007 761 tur.
1065 694 1232 779 Quo
1281 714 1404 764 rex
1455 706 1828 791 comperto
1846 745 1867 784 ,
1924 692 2109 766 duce
2166 692 2445 767 favente
2494 695 2883 769 exercitum
2928 697 3004 767 in

865 803 1148 878 hostem
1181 804 1459 879 reducit
1478 862 1498 898 ‚
1549 808 1904 909 signisque
1952 809 2221 883 infestis
2264 809 2745 909 congreditur.
2800 815 3007 885 Acer-

863 920 1045 995 rime
1101 920 1516 997 dimicatum
1573 939 1680 997 est
1699 978 1720 1017 ,
1792 924 2158 999 nonnullis
2208 928 2567 1025 utrimque
2602 927 2799 1001 fusis.
2862 926 3006 999 Sed

863 1037 1060 1135 regio
1109 1038 1428 1136 equitatu
1452 1040 1471 1077 ¹
1515 1039 1943 1139 praevalente
1962 1095 1983 1134 ,
2032 1043 2421 1141 Aquitanos
2466 1042 2632 1141 fuga
2670 1041 2995 1141 exagitat.

864 1154 1091 1251 Regiae
1123 1177 1298 1227 vero
1333 1154 1519 1228 acies
1552 1157 2032 1256 promtissime
2064 1159 2501 1233 insecuntur.
2556 1164 2639 1231 In
2665 1184 2810 1259 qua
2840 1159 3005 1257 fuga

861 1270 1193 1345 nonnulli
1235 1273 1752 1371 Aquitanorum
1786 1276 2134 1348 interfecti
2151 1330 2172 1369 ,
2216 1275 2507 1377 plurimi
2544 1290 2783 1350 autem
2817 1277 3007 1375 capti

863 1386 1174 1462 fuerunt.
1238 1388 1611 1465 Wilelmus
1653 1416 1828 1465 vero
1873 1391 2079 1466 devia
2122 1408 2404 1467 secutus
2420 1448 2441 1486 ,
2499 1418 2667 1467 cum
2719 1392 3005 1467 duobus

863 1503 979 1576 vix
1023 1531 1155 1605 per
1192 1505 1495 1605 abrupta
1532 1505 1867 1609 profugit.

1888 1880 1961 1932 V.

965 2016 1110 2086 Rex
1144 2038 1315 2112 ergo
1335 2067 1356 2106 ,
1404 2040 1754 2114 prospero
1804 2014 1977 2089 belli
2020 2040 2349 2091 successu
2399 1992 2691 2114 insignis
2708 2069 2731 2107 ,
2774 2016 2959 2089 acies
2978 2016 3006 2055 ²

865 2130 1124 2203 iterum
1177 2130 1478 2203 Pictavis
1522 2131 1767 2205 inferri
1814 2131 2021 2229 jubet
2041 2132 2066 2169 ⁸
2082 2186 2099 2205 .
2164 2130 2651 2205 Arbitrabatur
2695 2132 2961 2207 etenim
2982 2186 3004 2223 ‚

867 2246 1124 2320 urbem
1169 2261 1344 2319 tunc
1392 2246 1720 2320 facillime
1762 2250 1924 2348 capi
1974 2273 2187 2349 posse
2202 2294 2225 2340 ‚
2280 2274 2451 2322 cum
2496 2248 2842 2322 exercitus
2896 2274 3010 2321 re·

865 2364 1091 2437 centis
1123 2363 1293 2436 belli
1324 2364 1777 2438 animositate
1814 2364 2053 2437 adhuc
2087 2364 2354 2439 ferveat
2386 2381 2459 2438 et
2490 2364 2748 2437 urbani
2778 2364 3009 2439 multo

867 2480 1321 2553 detineantur
1385 2496 1584 2553 metu
1601 2534 1622 2575 ,
1690 2481 1790 2553 ob
1844 2483 2190 2582 principis
2234 2483 2348 2553 sui
2410 2482 2652 2581 fugam
2716 2482 3012 2581 ejusque

869 2594 1176 2669 militum
1208 2594 1562 2669 infelicem
1595 2612 1957 2671 eventum.
2012 2602 2175 2671 Dux
2213 2600 2453 2700 itaque
2496 2600 2677 2698 regis
2723 2624 3013 2698 magna-

867 2709 1265 2782 nimitatem
1327 2709 1557 2782 multo
1615 2709 1859 2785 favore
1922 2712 2281 2812 excipiens
2303 2766 2324 2805 ,
2395 2711 2785 2784 exercitum
2850 2711 3015 2784 licet

869 2823 1236 2924 fatigatum
1303 2842 1373 2898 et
1428 2842 1668 2900 tamen
1733 2849 1863 2899 sua
1934 2826 2371 2925 benignitate
2442 2843 2733 2929 captum
2758 2881 2781 2919 ,
2847 2825 3012 2899 urbi

867 2937 1167 3010 reducit.
1203 2935 1475 3010 Urbani
1515 2960 1689 3010 vero
1708 2992 1729 3031 ,
1778 2936 1948 3011 belli
1986 2961 2156 3012 casu
2181 2939 2543 3014 exanimes
2558 2993 2581 3031 ,
2620 2940 2849 3014 'vitam
2888 2938 3013 3012 de-

867 3074 1178 3158 poscunt
1194 3114 1214 3150 ‚
1265 3076 1337 3134 et
1376 3085 1514 3161 pro
1550 3059 1745 3133 urbis
1790 3059 2111 3135 illesione
2126 3067 2151 3104 ⁸
2188 3059 2612 3162 supplicant.
2667 3063 2852 3134 Cum
2887 3084 3012 3133 au-

867 3193 1016 3251 tem
1093 3179 1440 3251 exercitus
1501 3178 1755 3252 urbem
1819 3180 1891 3251 vi
1945 3179 2158 3252 vellet
2205 3180 2603 3279 irrumpere
2663 3192 2738 3251 et
2786 3176 3011 3278 spolia

865 3311 1232 3395 asportare
1253 3349 1274 3388 ,
1343 3294 1488 3369 dux
1537 3293 1782 3369 habita
1828 3296 2023 3396 apud
2073 3321 2197 3368 eos
2252 3293 2696 3368 dissuasione
2712 3348 2733 3387 ,
2790 3296 3011 3368 intac-

867 3427 1015 3484 tam
1062 3437 1228 3510 rege
1265 3413 1564 3510 jubente
1595 3413 1902 3512 reliqu‘it.
1963 3417 2111 3486 Rex
2145 3413 2381 3486 autem
2416 3412 2509 3485 ab
2550 3412 2842 3484 urbanis
2866 3409 3009 3483 ‘ob-

869 3527 1056 3600 sides
1081 3544 1263 3626 quot
1295 3529 1450 3601 vult
1484 3531 1694 3628 capit.
1728 3531 2013 3628 Sicque,
2051 3529 2237 3602 duce
2258 3529 2807 3620 interveniente,
2838 3525 3010 3598 urbs

869 3643 961 3718 ab
988 3647 1298 3719 exercitu
1323 3647 1350 3684 ⁸
1384 3646 1680 3720 liberata
1700 3662 1848 3739 θεῖς
1878 3663 1951 3720 et
1984 3645 2117 3719 sub
2146 3671 2323 3746 pace
2347 3661 2709 3746 sequestra
2728 3642 3008 3716 obsidio

869 3761 1191 3835 solvitur.
1253 3767 1745 3864 Prosperaque
1794 3789 2039 3839 rerum
2086 3763 2369 3838 fortuna
2382 3819 2404 3858 ‚
2457 3789 2582 3836 rex
2619 3787 2789 3834 cum
2827 3759 3010 3833 duce

942 4041 958 4070 ¹
999 4040 1233 4092 exercitu
1257 4059 1383 4092 corr.
1417 4041 1668 4111 equitatu.

937 4113 962 4144 ²
997 4111 1286 4166 exercimm
1308 4129 1434 4164 corr.
1459 4113 1616 4166 acies.

937 4183 961 4212 ⁸
995 4183 1154 4235 infert
1174 4199 1300 4234 corr.
1326 4181 1509 4236 inferri
1527 4185 1696 4255 jubet.

940 4255 962 4286 ⁴
1000 4255 1162 4308 salute
1184 4272 1310 4306 cor-r.
1339 4253 1594 4308 illesione.

937 4327 960 4357 ¹⁸
996 4323 1333 4396 pradonibus
1356 4343 1482 4378 corr.
1509 4325 1575 4379 ab
1599 4326 1847 4380 exercitu.
