3459 5375
938 634 943 638 ⁴
1018 570 1137 635 148
1730 568 2062 629 RICHERI
2108 562 2252 629 LIB.
2303 570 2406 629 lv.

1304 752 1405 805 vl.
1423 779 1497 792 —-
1518 749 1765 820 Purgatio
1795 749 2138 804 Adalberonis
2159 750 2227 805 de
2257 752 2472 823 objectis
2499 771 2531 805 a
2553 752 2848 809 Ludovico.

1103 900 1378 991 Quibus
1394 898 1778 997 dispositiS,
1797 897 1941 970 dux
1967 900 2067 970 sic
2093 920 2298 971 orsus
2323 902 2538 999 coepit
2566 930 2582 973 :
2621 932 2658 972 «
2683 908 2840 975 Huc
2863 929 2948 975 ex
2969 903 3135 977 locis

1018 1052 1052 1088 α
1086 1019 1379 1092 diversis
1413 1019 1608 1113 regio
1636 1016 1839 1113 jussu
1877 1018 2110 1089 vocati
2127 1071 2147 1108 ,
2189 1016 2282 1087 ad
2312 1016 2836 1091 discutiendum
2872 1045 2955 1091 ea
2991 1046 3136 1117 quae

1019 1172 1048 1205 α
1083 1160 1365 1209 summo
1392 1126 1713 1233 pontifici
1743 1132 2172 1205 Adalberoni
2198 1132 2477 1229 objecta
2509 1150 2698 1225 sunt,
2731 1135 2955 1207 multa
2971 1135 3128 1225 fide,

990 1282 1055 1363 ἱ«
1089 1268 1167 1324 ut
1182 1264 1385 1351 pum,
1420 1249 1872 1349 convenistis.
1909 1247 2050 1319 Sed
2073 1246 2251 1319 divae
2285 1250 2643 1321 memoriae
2673 1250 2690 1285 ⁴
2739 1275 2860 1321 rex
2896 1252 3022 1357 qui
3047 1252 3137 1321 in-

1020 1398 1056 1437 «
1088 1367 1449 1457 tendebat,
1478 1366 1821 1465 quoniam
1835 1366 1971 1438 hac
1988 1366 2131 1436 vita
2152 1366 2465 1463 privatus
2489 1380 2618 1455 est,
2651 1366 3136 1438 controversiae

1018 1515 1055 1553 «
1088 1501 1349 1557 statum
1392 1482 1598 1556 nobis
1650 1479 2182 1580 ¹discutiendum
2221 1480 2526 1579 reliquit.
2575 1484 2648 1553 Si
2686 1508 2854 1580 ergo
2895 1500 3138 1581 praeter

1016 1633 1051 1671 «
1086 1628 1251 1677 eum
1279 1617 1383 1673 est
1408 1602 1534 1699 qui
1560 1599 1931 1673 intendere
1957 1599 2250 1689 audeat,
2278 1623 2510 1697 eoque
2545 1601 2785 1677 animo
2821 1601 3036 1693 valet,
3067 1618 3142 1673 ut

1018 1750 1057 1789 α
1086 1716 1551 1817 exsequendae
1594 1716 1733 1787 litis
1766 1732 2045 1815 partem
2080 1717 2398 1815 arripiat,
2432 1716 2614 1789 adsit
2649 1742 2892 1789 coram
2913 1772 2932 1808 ,
2972 1719 3143 1816 quid

1015 1863 1050 1899 α
1084 1832 1340 1903 sentiat
1377 1830 1643 1919 edicat,
1692 1828 1871 1899 nihil
1907 1843 2230 1900 metuens
2277 1830 2651 1900 criminato
2688 1828 3034 1902 intendat.
3075 1832 3143 1901 Si

1012 1978 1047 2017 ι(
1084 1974 1249 2020 vera
1283 1946 1629 2046 proferat,
1662 1945 1721 2041 ej
1730 1972 1814 2019 us
1850 1944 2238 2017 verborum
2273 1944 2782 2045 approbatores
2824 1971 2956 2018 nos
2995 1948 3140 2019 sine

1016 2094 1053 2131 «
1085 2063 1307 2135 dubio
1341 2061 1672 2152 habebit3
1720 2060 1919 2159 quod
1959 2062 2018 2132 si
2059 2062 2525 2133 calumniator
2561 2061 2732 2134 falsa
2759 2062 3100 2135 confinxit
3115 2120 3132 2155 ‚

1014 2210 1051 2249 κ
1082 2205 1337 2253 vocem
1378 2176 1808 2278 supprimat,
1865 2203 1959 2248 ne
1995 2178 2168 2249 tanti
2205 2177 2533 2278 facinoris
2573 2195 2860 2275 argutus
2896 2205 3141 2279 poenas

1012 2297 1333 2370 «solvat.
1372 2326 1409 2364 >J
1440 2301 1573 2367 Ter
1604 2294 2070 2368 acclamatum
2109 2310 2248 2386 est,
2281 2310 2360 2365 ut
2382 2295 2654 2367 delator
2679 2296 3132 2393 procederet3

1006 2422 1115 2488 ter
1138 2414 1230 2489 ab
1258 2414 1593 2487 omnibus
1619 2428 1952 2511 negatum
1991 2427 2115 2485 est.

2021 2733 2150 2784 VII.

1104 2887 1263 2953 Dux
1306 2883 1543 2980 itaque
1584 2883 1841 2953 iterum
1881 2881 2160 2952 locutus
2193 2879 2288 2952 ait
2317 2909 2332 2951 :
2374 2909 2412 2949 «
2441 2877 2514 2952 Si
2557 2881 2642 2952 lis
2663 2881 2814 2978 jam
2850 2882 3137 2972 decidit,

1012 3029 1048 3066 «
1080 3000 1247 3097 quia
1264 3000 1387 3097 qui
1415 2999 1737 3071 intendat
1755 3023 1903 3070 non
1933 3013 2060 3088 est,
2097 2998 2676 3097 metropolitanO,
2711 3015 2960 3098 utpote
2987 3003 3140 3071 viro

1012 3143 1049 3183 «
1080 3115 1305 3187 nobili
1345 3132 1415 3187 et
1454 3117 1679 3187 multa
1712 3117 2054 3215 sapientia
2097 3115 2365 3206 inclitO,
2412 3115 2815 3187 cedendum
2854 3131 2985 3187 est.
3037 3117 3140 3188 Ab

988 3262 1046 3327 χα
1079 3231 1215 3304 hac
1270 3256 1439 3330 ergo
1472 3233 1861 3332 suspitione
1900 3233 2181 3331 penitus
2218 3231 2554 3304 discedite
2575 3286 2594 3322 ‚
2635 3257 3140 3332 summumque

1007 3378 1044 3417 «
1072 3349 1445 3448 praesulem
1490 3347 1714 3422 multo
1766 3349 2054 3423 honore⁴
2092 3349 2411 3423 excolite.
2467 3351 2907 3424 Reveremini
2935 3351 3138 3440 ‚hunc

1005 3497 1041 3534 c<
1076 3467 1290 3540 talem
1312 3469 1572 3558 vitum,
1606 3482 1676 3539 et
1700 3483 1982 3565 quantae
2006 3469 2305 3559 virtutiS,
2341 3469 2721 3567 sapientiae,
2751 3467 3137 3542 nobilitatis

1005 3611 1043 3652 ι(
1076 3585 1164 3656 sit
1180 3637 1199 3672 ,
1241 3583 1584 3656 hactenus
1630 3583 2032 3682 praedicate.
2079 3585 2270 3686 Quid
2319 3587 2512 3656 enim
2556 3583 2852 3684 prodest
2903 3589 3134 3686 suspi-

1000 3728 1041 3769 «
1071 3702 1341 3772 tionem
1381 3700 1648 3773 habere
1667 3757 1685 3792 ,
1741 3701 1857 3773 cui
1895 3702 1968 3772 in
2007 3699 2266 3797 juditio
2301 3726 2450 3774 non
2489 3699 2684 3774 fuere
2714 3703 2900 3774 vires
2934 3705 3134 3800 quic-

1000 3849 1039 3886 «
1068 3842 1285 3915 quam
1335 3816 1618 3890 dicere?
1652 3847 1688 3886 »
1741 3823 1925 3916 Ergo
1955 3817 1982 3854 ²
2037 3843 2320 3890 summo
2364 3818 2710 3917 pontifici,
2769 3818 2916 3890 dux
2967 3820 3130 3892 reli-

994 3957 1306 4031 quorum
1376 3935 1763 4030 primatum
1834 3960 2226 4027 consensu,
2296 3935 2760 4033 exsequendae
2837 3937 3130 4009 rationis

954 4113 959 4118 .
990 4051 1341 4123 honorem
1370 4050 1463 4122 de
1494 4051 1791 4124 utilitate
1824 4049 2020 4150 regni
2047 4053 2394 4144 attribuit,
2429 4078 2517 4125 eo
2541 4052 2740 4151 quod
2777 4054 2926 4151 ipse
2953 4053 3125 4125 divi-

1056 4251 1073 4280 ·
1113 4249 1181 4300 D.
1218 4249 1296 4299 Μ.
1328 4247 1499 4301 codex.

1052 4335 1075 4364 ²
1112 4335 1337 4403 Purgato
1364 4353 1392 4386 e
1416 4333 1641 4384 cle-letum.
