3459 5375
986 544 1105 605 294
1696 542 2029 605 RICHBRI
2069 542 2222 607 LIB.
2265 545 2373 604 IV.

1286 752 1378 807 CI.
1400 752 1669 805 -omio
1690 752 1932 805 Get-berti
1952 752 1986 787 θ
2007 770 2108 829 pro
2129 771 2184 807 se
2208 752 2265 805 in
2293 751 2518 805 concilio
2535 754 2568 788 ⁸
2590 752 2825 805 recitata.

1084 928 1254 994 Post
1292 922 1494 1019 cujus
1526 923 2012 995 recitationem
2025 975 2045 1012 ,
2089 922 2470 995 Get-bertus
2517 922 2848 1009 surrexit,
2895 936 3107 1021 atque

994 1041 1391 1112 orationem
1422 1062 1667 1143 prose
1699 1038 2034 1138 scriptam
2073 1038 2148 1111 in
2191 1038 2491 1111 concilio
2539 1062 2706 1109 mox
2749 1036 3095 1127 recitavit,

993 1158 1296 1253 satisque
1356 1154 1549 1253 apud
1609 1154 1770 1227 illos
1827 1154 2222 1227 luculenter
2275 1154 2655 1253 peroravit.
2713 1152 2852 1225 Sed
2919 1152 3102 1225 hanc

990 1270 1253 1344 addere
1289 1270 1408 1341 hic
1446 1270 1711 1367 placuit
1728 1324 1749 1360 ,
1793 1270 1992 1368 quod
2041 1269 2253 1368 plena
2293 1268 2683 1341 rationibus
2727 1267 3102 1368 plurimam

988 1392 1233 1465 lectori
1284 1392 1652 1464 utilitatem
1712 1407 2102 1490 comparat.
2149 1391 2364 1487 Cujus
2422 1406 2648 1463 textus
2696 1388 3104 1486 hujusmodi

992 1529 1097 1586 est
1137 1516 1155 1551 ⁴
1202 1541 1217 1584 :

1776 1660 1900 1713 Cn.
1925 1690 1998 1705 --
2021 1658 2310 1713 Exordium
2319 1700 2338 1713 .,

1097 1861 1132 1899 «
1164 1834 1458 1931 Semper
1483 1830 1775 1928 quidem
1792 1882 1812 1919 ,
1842 1830 2386 1904 reverentissimi
2409 1845 2674 1929 patres,
2699 1830 2891 1903 banc
2921 1829 3114 1903 diem

1000 1978 1038 2016 «ι
1078 1973 1223 2047 prae
1257 1948 1481 2021 oculis
1512 1946 1776 2036 habui,
1819 1970 1946 2045 spe
1985 1971 2070 2019 ac
2117 1962 2290 2019 voto
2338 1946 2433 2018 ad
2475 1971 2633 2018 eam
2678 1946 2988 2037 intendi,
3027 1972 3114 2019 ex

1002 2092 1039 2133 «
1078 2086 1225 2160 quo
1250 2088 1295 2135 a
1316 2063 1643 2135 fratribus
1678 2063 1854 2135 meis
1887 2062 2325 2147 admonituS,
2358 2086 2542 2133 onus
2571 2061 2712 2133 hoc
2743 2060 3114 2134 sacerdotii

1004 2208 1041 2247 κ
1082 2204 1232 2252 non
1260 2180 1411 2251 sine
1450 2179 1767 2279 periculo
1799 2179 2046 2278 capitis
2077 2178 2218 2249 mei
2252 2176 2456 2249 subii.
2497 2178 2700 2249 Tanti
2735 2191 2886 2249 erat
2925 2175 3116 2275 apud

1005 2325 1041 2363 κ
1084 2320 1201 2367 me
1234 2296 1591 2394 pereuntis
1640 2294 1886 2393 populi
1931 2294 2151 2383 saluS,
2200 2294 2376 2365 tanti
2419 2308 2648 2365 vestra
2699 2294 3112 2385 auctoritas»,

1004 2445 1039 2488 α
1082 2440 1225 2514 qua
1244 2441 1361 2487 me
1387 2430 1620 2488 tutum
1648 2416 1798 2487 fore
1828 2414 2331 2489 existimabam.
2361 2412 2807 2487 Recordabar
2837 2428 3116 2513 praeter-

1005 2562 1041 2601 «
1084 2534 1347 2605 iturum
1386 2530 1930 2619 beneficiorum,
1975 2530 2198 2607 dulcis
2243 2546 2456 2628 atque
2496 2530 2790 2605 affabilis
2827 2530 3118 2603 benivo-

1006 2679 1042 2718 α
1082 2649 1315 2724 lentiae
1366 2663 1641 2740 vestrae,
1690 2672 1834 2746 qua
1883 2672 2365 2748 saepenumero
2419 2672 2586 2721 cum
2641 2647 2864 2720 multa
2911 2648 3118 2722 laude

1008 2803 1045 2841 t(
1085 2773 1549 2870 prestantium
1582 2795 1754 2843 usus
1785 2771 2056 2850 fileram
2074 2824 2094 2861 ,
2122 2795 2289 2842 cum
2315 2795 2480 2842 ecoe
2511 2769 2780 2842 subitus
2809 2771 2838 2810 ²
2877 2795 3123 2842 rumor

1010 2917 1044 2957 α
1084 2910 1215 2960 vos
1260 2887 1569 2960 offensos
1606 2889 1916 2960 insinuat
1933 2941 1952 2977 ‚
1991 2889 2306 2986 vitioque
2357 2886 2528 2959 dare
2573 2885 2848 2959 laborat
2863 2942 2883 2979 ,
2925 2887 3122 2985 quod

1009 3035 1047 3074 <c
1088 3005 1342 3102 magna
1367 3017 1692 3104 paratum
1713 3006 1970 3076 virtute
1994 3005 2178 3076 inter
2200 3002 2373 3076 alios
2399 3001 2786 3074 constabat.
2819 3003 3082 3073 Hor-rui
3097 3056 3116 3092 ,

1010 3156 1047 3196 «
1088 3127 1351 3217 fateor3
1406 3142 1477 3199 et
1518 3151 1698 3226 quos
1749 3141 1910 3198 ante
1958 3123 2425 3198 formidabam
2476 3123 2780 3222 gladios,
2828 3150 2976 3223 prae
3023 3125 3124 3195 in·

1010 3279 1045 3318 a
1088 3249 1495 3347 dignatione
1555 3263 1786 3324 vestra
1853 3247 2254 3348 posthabui.
2313 3253 2516 3320 Nunc
2581 3249 2750 3345 quia
2819 3249 3124 3346 propitia

1010 3403 1047 3442 ι(
1087 3373 1432 3448 Divinitas
1499 3397 1744 3446 coram
1805 3371 2142 3464 contulit,
2195 3371 2457 3470 quibus
2519 3369 2819 3444 salutem
2889 3395 3122 3442 meam

1010 3517 1045 3556 «
1087 3513 1368 3586 semper
1410 3489 1772 3579 commisi,
1817 3511 2043 3587 pauca
2094 3513 2308 3587 super
2360 3487 2840 3559 innocentiam
2891 3511 3120 3560 meam

1012 3631 1049 3672 κ
1087 3603 1384 3676 referam
1407 3659 1427 3696 ,
1468 3619 1541 3676 et
1584 3627 1902 3702 quonam
1955 3603 2248 3676 consilio
2301 3602 2462 3675 urbi
2519 3607 2904 3676 Remorum
2945 3627 3116 3702 prae-

1008 3749 1045 3786 κ
1087 3720 1266 3792 latus
1300 3721 1435 3792 sim
1477 3720 1882 3793 edisseram.
1933 3723 2082 3818 Ego
2130 3721 2393 3820 quippe
2444 3733 2608 3821 post
2654 3716 2932 3791 obitum
2977 3716 3118 3801 divi

1074 3944 1105 3978 ³*
1142 3943 1383 3995 Gerberti
1402 3983 1419 4008 ‚
1442 3945 1495 3996 io
1518 3943 1726 3997 abscisa.

1076 4027 1091 4057 ¹
1132 4027 1321 4078 Folium
1358 4041 1601 4091 assutum,
1644 4032 1723 4082 cui
1757 4033 1918 4081 omia
1959 4032 2192 4101 inscripta
2227 4042 2366 4094 emt,
2403 4031 2552 4101 per-iit
2567 4052 2588 4090 ;
2635 4041 2692 4079 at
2735 4031 2893 4080 insero
2921 4047 3024 4078 em
3063 4047 3116 4076 ex

1001 4111 1167 4167 codice
1206 4111 1517 4181 Lugdunum
1568 4113 1699 4164 inter·
1739 4112 1884 4165 codd.
1941 4119 1992 4163 V
1988 4115 2206 4164 oesiam
2247 4119 2316 4164 N.
2355 4115 2446 4166 54.
2495 4111 2578 4163 ubi
2619 4111 2770 4164 multo
2807 4111 3112 4172 emendatior,

1002 4215 1143 4267 quam
1165 4195 1303 4268 apud
1326 4199 1684 4248 centuriatores
1704 4196 1968 4267 legebatur,
1999 4210 2152 4248 extat.
2172 4197 2232 4252 P.

1074 4283 1099 4312 ²
1133 4281 1304 4334 subito
1329 4281 1619 4334 contrarius
1641 4280 1723 4332 ed.
