3459 5375
935 549 1052 609 186
1659 547 1987 620 RICHERI
2028 548 2179 609 LIB.
2228 550 2339 608 lv.

1104 736 1340 790 xxxn.
1361 764 1432 792 -e-
1452 736 1612 803 Quod
1646 737 1866 810 amplius
1885 740 2025 810 justo
2047 739 2305 793 Kar-olum
2332 739 2578 792 Amulfus
2604 737 2857 794 dilexerit.

1027 888 1166 974 Qui
1197 911 1360 958 cum
1389 912 1475 958 ex
1499 901 1692 959 tanta
1716 887 2050 985 dignitate
2076 887 2494 986 procederet
2525 889 2837 986 insigniS,
2868 888 3039 962 illud

931 1017 1169 1074 tamen
1204 1002 1561 1073 infortunii
1595 1027 1813 1100 genus
1846 1001 2332 1093 arbitrabatur,
2374 1003 2570 1100 quod
2613 1004 2763 1102 ipse
2798 1028 3039 1102 super-

933 1147 1069 1205 stes
1103 1133 1193 1205 de
1226 1134 1452 1233 patrio
1485 1159 1739 1230 genere
1770 1135 2042 1208 nullum
2068 1150 2317 1232 praeter
2350 1135 2685 1207 Karolum
2707 1135 3035 1208 habebat.

933 1250 1397 1324 Miserrimum
1440 1275 1725 1348 quoque
1770 1251 1903 1323 sibi
1944 1251 2201 1342 videri,
2259 1252 2317 1322 si
2357 1252 2417 1323 is
2456 1251 2731 1324 honore
2766 1253 3047 1322 frustra-

933 1379 1148 1454 retur,
1195 1365 1270 1434 in
1324 1389 1470 1462 quo
1519 1365 1672 1436 solo
1724 1391 1885 1464 spes
1935 1365 2349 1438 restituendi
2398 1391 2616 1464 genus
2670 1381 3047 1464 paternum

935 1481 1065 1552 sita
1090 1481 1289 1552 foret.
1335 1485 1590 1553 Patruo
1625 1483 1861 1579 itaque
1886 1481 2407 1572 miserescebat3
2450 1482 2647 1554 illum
2668 1481 3043 1579 cogitabat,

935 1595 1134 1666 illum
1169 1595 1442 1669 colebat
1459 1651 1478 1687 ,
1522 1597 1722 1670 illum
1761 1624 1893 1697 pro
1928 1599 2333 1698 parentibus
2370 1600 2801 1671 carissimum
2830 1597 3053 1670 habe-

933 1711 1078 1785 bat.
1143 1714 1346 1811 Apud
1393 1739 1608 1812 quem
1655 1715 1912 1787 collato
1967 1715 2259 1788 consilio
2278 1769 2297 1806 ‚
2338 1714 2677 1812 querebat
2734 1738 3051 1812 quonam

935 1828 1157 1900 modo
1193 1830 1268 1900 in
1303 1829 1583 1903 culmen
1621 1830 1917 1904 honoris
1956 1831 2157 1904 illum
2199 1831 2589 1930 provehere
2630 1845 2872 1930 posset
2892 1884 2913 1920 ,
2952 1831 3051 1902 sic

939 1965 1175 2022 tamen
1203 1967 1289 2039 ‘ut
1313 1953 1464 2051 ipse
1488 1953 1669 2050 regis
1696 1953 2016 2026 desertor
2047 1978 2195 2026 non
2221 1968 2611 2053 appareret.

1558 2155 1823 2211 XXXIII.
1838 2185 1911 2198 —
1924 2157 2211 2210 Remorum
2234 2157 2427 2228 captio.

1035 2307 1248 2403 Cujus
1271 2308 1376 2378 rei
1399 2310 1743 2380 rationem
1767 2310 1865 2380 sic
1894 2307 2043 2380 fieri
2084 2307 2571 2397 arbitrabatur,
2624 2321 2702 2377 ut
2725 2319 3051 2378 statuere-

943 2438 1058 2494 tur
1089 2424 1106 2460 ⁴
1145 2435 1426 2522 tempus
1469 2449 1612 2521 quo
1659 2425 1993 2523 primates
2036 2438 2214 2520 quot
2255 2437 2492 2522 posset
2515 2476 2535 2512 ,
2590 2423 2661 2491 in
2703 2419 2879 2491 urbe
2914 2421 3053 2492 acsi

942 2537 1205 2634 aliquid
1231 2563 1565 2636 magnum
1592 2539 2039 2610 ordinaturus
2062 2539 2211 2636 ipse
2229 2537 2608 2633 colligeret.
2626 2539 2821 2606 Tunc
2845 2536 3055 2606 etiam

942 2651 1240 2725 Kar-olus
1269 2678 1396 2752 per
1420 2653 1644 2725 noctis
1670 2653 1941 2725 silentia
1962 2678 2126 2725 cum
2155 2652 2457 2724 exercitu
2484 2650 2575 2722 ad
2600 2665 2836 2749 portas
2862 2647 3057 2720 urbis

943 2768 1322 2841 adveniret.
1348 2772 1490 2842 Nec
1517 2784 1684 2841 tunc
1710 2770 1983 2842 deesset
2001 2770 2125 2867 qui
2149 2769 2479 2841 exercitui
2503 2768 2789 2839 irruenti
2816 2784 3056 2865 portas

942 2884 1308 2981 panderet,
1341 2887 1609 2981 juratus
1642 2888 1888 2958 secreti
1912 2886 2127 2957 fidem
2150 2886 2206 2956 ².
2242 2886 2597 2957 Exercitus
2624 2884 3059 2955 intromissus

946 2999 1195 3072 urbem
1229 3001 1612 3094 invaderet,
1655 3018 1867 3100 atque
1902 3027 2051 3074 sese
2096 3027 2260 3073 cum
2298 3000 2709 3100 primatibus
2746 2998 3056 3073 collectis

945 3116 1608 3215 comprehenderet,
1663 3120 1808 3191 vim
1847 3118 2135 3191 inferret
2152 3172 2171 3209 ,
2226 3142 2308 3189 ac
2368 3116 2713 3214 ergastulo
2746 3116 2770 3152 ⁸
2816 3114 3055 3192 detru-

946 3231 1166 3304 deret.
1207 3238 1448 3332 Itaque
1488 3236 1749 3307 factum
1793 3235 1971 3306 foret
1992 3290 2015 3322 ,
2069 3250 2147 3306 ut
2183 3250 2253 3306 et
2292 3234 2483 3331 regia
2528 3247 2835 3331 potestas
2869 3231 3057 3303 infir-

948 3364 1279 3441 maretur,
1321 3368 1390 3423 et
1427 3368 1680 3450 patruo
1716 3353 1937 3425 virtus
1978 3350 2395 3423 dominandi
2430 3363 2833 3446 augesceret
2850 3402 2871 3437 ,
2930 3374 3056 3419 nec

949 3464 1096 3562 ipse
1127 3466 1443 3539 desertor
1480 3469 1859 3541 videretur.
1904 3464 2119 3556 Quod
2154 3483 2225 3539 et
2262 3466 2589 3539 effectum
2622 3464 2895 3537 habuit.

1876 3666 2130 3719 xxxw.
2242 3740 2247 3745 ἱ

1043 3808 1131 3875 G.
1176 3820 1245 3876 et
1276 3810 1361 3875 V.
1403 3806 1696 3877 comites
1713 3860 1733 3895 ,
1770 3820 1980 3903 atque
2016 3804 2189 3875 alios
2222 3805 2410 3875 viros
2450 3803 2852 3875 consulares
2888 3803 2913 3839 ⁴
2952 3802 3053 3871 in«

1025 4003 1042 4033 ¹
1079 4004 1358 4054 statuerun-
1379 4002 1548 4054 codex.

1022 4090 1046 4121 ⁸
1081 4103 1332 4143 secretum
1356 4091 1458 4143 hoc
1475 4110 1759 4161 numquam
1780 4090 2113 4162 proditurum
2138 4089 2316 4143 deleta.

1023 4182 1045 4212 ³
1075 4179 1305 4234 custodie
1330 4201 1474 4253 supm
1493 4185 1659 4254 posito
1680 4184 1933 4253 ergastulo
1959 4180 2129 4233 codex.

1023 4292 1046 4325 ⁴
1088 4312 1188 4345 .uc.
