3459 5375
967 540 1048 597 '70
1696 532 2032 595 lucHEm
2072 532 2226 595 LIB.
2276 533 2398 595 111.

969 696 1008 737 «
1047 665 1441 764 eademque
1471 666 1769 756 ratione,
1800 665 2035 739 eidem
2064 668 2323 763 speciei
2350 680 2422 738 et
2449 690 2698 765 parem
2726 690 2899 758 esse,
2937 682 3007 740 et
3034 682 3113 739 ut

971 812 1010 853 «
1047 785 1452 857 inferiorem
1487 786 1627 857 aoei
1657 786 1897 883 generi
1922 785 2231 882 speciem
2258 782 2645 880 subjacere.
2682 787 2771 854 Et
2805 809 2936 882 ego
2963 786 3115 883 qui·

970 930 1006 969 «
1042 903 1211 974 dem
1243 902 1335 975 de
1365 901 1477 974 his
1532 903 1624 974 ita
1677 902 1927 976 sentio.
1970 904 2320 975 Caeterum
2362 902 2421 973 si
2457 902 2616 1001 quis
2668 917 2921 974 contra
2957 901 3111 974 haec

968 1048 1006 1087 «
1048 1020 1460 1110 contendat,
1503 1020 1855 1093 rationem
1891 1019 2059 1092 inde
2096 1019 2396 1111 affectet,
2445 1019 2792 1117 faciatque
2835 1044 2967 1091 nos
3001 1020 3113 1091 in-

971 1166 1006 1205 «
1045 1136 1356 1235 telligere
1420 1137 1621 1237 quod
1675 1136 1985 1209 fortassis
2030 1152 2297 1209 naturae
2347 1137 2566 1235 ipsius
2612 1137 2792 1209 ratio
2840 1136 3117 1215 nemini

969 1285 1002 1323 «
1044 1255 1280 1327 adhuc
1309 1256 1688 1327 contulisse
1715 1234 2023 1327 videtur.
2085 1284 2121 1321 »
2388 1244 2399 1251 ’
2876 1266 2881 1269 ’

1610 1430 1729 1483 Lx.
1766 1459 1840 1470 —
1872 1428 2221 1500 Philosophia
2252 1426 2462 1481 divisio.

1063 1551 1170 1622 Ad
1213 1549 1366 1623 haec
1401 1552 1720 1643 OtricuS‚
1762 1554 2106 1624 innuente
2150 1566 2449 1649 augusto
2468 1606 2488 1641 ‚
2521 1552 2622 1623 sic
2654 1552 2795 1626 ait:
2834 1581 2869 1619 «
2902 1555 3108 1639 Quo,-

969 1698 1004 1735 «
1049 1670 1243 1739 niam
1267 1667 1742 1767 philosophiae
1767 1685 2003 1768 partes
2029 1668 2301 1767 aliquot
2320 1668 2630 1742 breviter
2659 1669 2944 1765 attigisti
2962 1720 2983 1759 ,
3018 1668 3117 1740 ad

969 1814 1003 1853 «
1046 1784 1342 1885 plenum
1376 1801 1665 1885 oportet
1692 1802 1773 1858 ut
1800 1801 1870 1858 et
1894 1784 2171 1859 dividas
2186 1839 2205 1877 ,
2247 1800 2318 1859 et
2353 1786 2776 1857 divisionem
2812 1784 3109 1857 enodes.

969 1932 1004 1971 «
1049 1903 1305 2000 Sicque
1339 1901 1491 1974 fieri
1517 1905 1805 2003 poterit,
1836 1919 1915 1975 ut
1938 1930 2027 1975 ex
2060 1902 2412 2002 probabili
2445 1902 2816 1993 divisione,
2845 1903 3115 1973 vitiosae

971 2049 1006 2086 «
1052 2019 1292 2117 figurae
1317 2023 1624 2120 suspicio
1651 2046 1694 2092 a
1719 2038 1791 2093 te
1814 2037 2286 2093 removeatur.
2333 2048 2367 2087 >2
2398 2026 2596 2115 Tunc
2623 2032 2911 2119 quoque
2937 2022 3119 2090 Ger—

967 2136 1246 2209 bertus:
1300 2167 1336 2205 «
1371 2142 1554 2209 Gum
1596 2136 1741 2209 hoc
1779 2158 1815 2203 >3
1862 2138 2093 2237 inquit
2131 2167 2169 2207 «
2213 2138 2453 2235 magni
2491 2151 2769 2209 constet
2786 2190 2806 2227 ,
2863 2151 3115 2235 utpote

975 2284 1010 2322 «
1054 2254 1457 2337 divinarum
1493 2270 1565 2327 et
1599 2254 2081 2327 humanarum
2112 2276 2353 2326 rerum
2398 2252 2946 2353 comprehensio
2994 2279 3119 2326 ve-

975 2400 1010 2437 «
1054 2373 1275 2456 ritatis
1295 2426 1314 2461 ,
1357 2386 1594 2443 tamen
1625 2387 1705 2443 ut
1748 2374 1892 2444 nec'
1928 2394 2060 2445 nos
2097 2372 2390 2469 ignaviae
2432 2396 2836 2468 arguamur,
2879 2386 2953 2442 et
2988 2396 3118 2443 au-

974 2518 1010 2557 «
1054 2489 1370 2560 ditorum
1396 2488 1613 2586 aliqui
1638 2489 1986 2587 proficere
2023 2490 2299 2586 possint
2315 2544 2335 2579 ‚
2378 2488 2775 2561 secundum
2812 2490 3117 2561 Vitruvii

975 2636 1011 2673 «
1053 2621 1264 2704 atque
1294 2606 1521 2677 Boetii
1547 2605 1972 2678 divisionem
2016 2605 2254 2679 dicere
2284 2631 2435 2677 non
2457 2604 2745 2706 pigebit.
2776 2610 2900 2677 Est
2921 2606 3117 2678 enim

975 2755 1011 2792 «
1053 2722 1508 2824 philosophia
1559 2747 1824 2820 genus3
1874 2723 2076 2819 cujus
2118 2725 2391 2822 species
2431 2738 2601 2794 sunt
2618 2777 2637 2815 ,
2678 2725 2986 2821 practice
3041 2739 3115 2795 et

975 2871 1009 2910 «
1054 2841 1478 2929 theoretice3
1539 2841 1881 2937 practices
1933 2864 2105 2911 vero
2152 2841 2420 2937 species
2463 2839 2653 2931 dico,
2697 2839 3115 2938 dispensati-

977 2941 1011 3028 «
1055 2984 1241 3050 vam,
1276 2957 1820 3048 distributivam,
1852 2957 2154 3029 civilem.
2187 2955 2335 3029 Sub
2356 2956 2743 3030 theoretice
2762 2983 2936 3030 vero
2960 2982 3113 3029 non

974 3111 1010 3148 «
1051 3081 1444 3174 incongrue
1471 3074 1980 3172 intelliguntur,
2022 3075 2292 3174 phisica
2317 3075 2682 3166 naturalis,
2724 3075 3117 3148 mathema-

971 3227 1007 3266 «
1053 3197 1190 3269 tica
1239 3191 1688 3290 intelligibilis
1703 3247 1722 3281 ,
1779 3217 1869 3286 ⁸ac
1918 3192 2274 3289 theologia
2340 3193 2860 3266 intellectibilis.
2932 3196 3110 3265 Rur-

970 3346 1008 3384 «
1047 3338 1308 3411 susque
1344 3311 1920 3383 mathematicam
1955 3309 2089 3388 sub
2121 3309 2396 3409 phisica
2432 3335 2579 3385 non
2608 3328 2861 3411 praeter
2894 3313 3109 3384 ratio·

968 3461 1004 3500 «
1047 3455 1215 3504 nem
1250 3427 1707 3500 collocamus.
1738 3457 1792 3494 ·»

963 3583 1108 3636 LXI.
1135 3611 1208 3623 —
1229 3580 1585 3652 Reprehensio
1609 3578 1882 3633 divisionis
1904 3579 2178 3632 abOtrico
2202 3579 2400 3634 inutilis
2417 3619 2432 3644 ,
2458 3598 2519 3632 ac
2544 3581 2787 3633 Gerberti
2810 3580 3105 3652 responsio.

1059 3711 1410 3805 Nisusque
1438 3706 1637 3805 quod
1666 3705 2023 3803 reliquum
2052 3721 2202 3778 erat
2235 3708 2597 3804 prosequi,
2630 3708 2913 3780 Otrious
2937 3707 3106 3781 sub·

957 3826 1197 3898 intulit
1239 3854 1254 3896 :
1302 3856 1336 3894 «
1384 3826 1604 3896 Miror
1639 3851 1676 3891 »
1724 3825 2055 3920 inquiens
2112 3853 2149 3892 «
2204 3821 2820 3896 vehementissime
2838 3879 2857 3915 ,
2908 3827 3107 3921 quod

965 3973 1001 4010 «
1042 3940 1326 4040 phisicae
1369 3940 1942 4012 mathematicam
1977 3941 2078 4011 sic
2107 3939 2199 4011 de
2234 3941 2644 4039 propinquo
2682 3941 3099 4033 subdidisti,

962 4093 995 4129 «
1038 4085 1204 4132 cum
1242 4061 1424 4132 inter
1442 4075 1822 4157 utramque
1856 4057 2341 4131 subalternum
2375 4085 2595 4156 genus
2632 4059 2923 4158 intelligi
2947 4085 3107 4158 pos-

961 4211 992 4248 «
1037 4181 1125 4251 sit
1159 4177 1601 4276 phisiologia.
1637 4179 1988 4249 Vitiosum
2022 4179 2287 4250 etenim
2319 4175 2526 4250 valde
2561 4177 2866 4272 videtur,
2902 4179 2958 4252 si
2998 4181 3107 4250 ni-

960 4329 994 4366 «
1040 4301 1172 4368 mis
1203 4297 1416 4393 longe
1463 4297 1682 4393 petita
1717 4321 1905 4393 parS,
1948 4296 2041 4367 ad
2076 4297 2349 4392 generis
2384 4297 2788 4370 conferatur
2816 4298 3103 4370 divisio-
