3459 5375
903 508 985 589 ss
1610 462 1942 563 menam
1987 500 2138 563 mn.
2188 501 2304 561 111.

916 666 950 705 (ι
992 638 1353 735 sanguinis
1388 636 1712 709 affinitas.
1748 636 2166 707 Vinciantur
2190 634 2534 725 amicicia,
2570 658 2880 731 quorum
2915 634 3058 707 dis-

918 784 955 825 «
998 755 1302 829 sidentia
1333 755 1437 827 rei
1464 752 1766 853 publicae
1791 752 2028 824 labem
2058 752 2269 824 infert
2283 805 2303 844 ‚
2347 768 2421 824 et
2453 752 2840 825 concordia
2876 752 3066 844 ›utili--
3183 759 3188 763 ’

923 902 959 941 «
998 888 1217 947 tatem
1250 870 1752 944 accommodat
1775 870 2102 967 viresque
2134 869 2508 942 ministrat.
2555 898 2593 937 n

1334 1066 1557 1121 LXXX.
1576 1097 1649 1109 —
1670 1066 1962 1137 Responsio
1982 1062 2014 1098 ³⁸*
2043 1064 2253 1117 Ottonis
2275 1062 2343 1117 ad
2367 1064 2545 1142 Gallos
2568 1067 2621 1115 ὓ.

1020 1220 1129 1293 Ad
1151 1220 1303 1293 haec
1329 1223 1501 1292 Otto
1535 1248 1550 1289 τ
1590 1248 1625 1287 t<
1657 1220 1863 1308 Novi,
1890 1246 1926 1284 »
1957 1218 2210 1314 inquit,
2249 1245 2284 1285 «
2318 1231 2658 1314 quantam
2693 1216 2938 1290 labem
2963 1217 3066 1289 rei

929 1368 965 1406 «
996 1336 1296 1437 publicoe
1322 1336 1678 1408 discordia
1697 1359 2172 1441 sepenumero
2198 1333 2458 1424 intulit,
2486 1360 2655 1407 cum
2680 1360 3066 1433 regnorum

930 1484 965 1523 «
1009 1455 1365 1554 principes
1390 1468 1641 1525 contra
1680 1477 1757 1523 se
1803 1451 2190 1549 aliquando
2218 1451 2444 1522 moliti
2483 1468 2672 1524 sunt.
2720 1458 2866 1524 Nec
2891 1451 3067 1524 illud

931 1600 967 1639 κ
1012 1571 1225 1643 etiam
1248 1572 1528 1667 ignoro,
1562 1582 1832 1665 quanta
1867 1566 2053 1639 salus
2076 1592 2208 1665 per
2233 1568 2566 1665 amiciciae
2607 1569 2941 1640 virtutem
2966 1570 3070 1641 rei

934 1716 970 1754 «
1010 1683 1313 1785 publicae
1329 1698 1745 1783 comparata
1766 1683 1876 1754 sit.
1897 1687 2152 1754 Fateor
2175 1682 2524 1755 hactenus
2541 1709 2659 1755 me
2681 1683 3074 1781 plurimum

934 1834 969 1873 «
1012 1803 1313 1874 coluisse
1350 1826 1604 1901 pacem
1644 1815 1715 1872 et
1769 1799 2270 1892 concordiam3
2322 1801 2624 1874 invidias
2669 1816 2883 1900 atque
2929 1801 3072 1875 dis-

938 1950 971 1989 «
1016 1919 1296 1992 cordias
1336 1917 1879 2015 malignantium
1919 1916 2090 1988 odio
2131 1942 2411 2015 semper
2448 1916 2804 1990 habuisse.
2859 1922 3076 1991 Com-

939 2067 975 2105 «
1018 2051 1381 2135 ponantur
1406 2058 1575 2131 ergo
1600 2058 1731 2130 per
1756 2058 1886 2104 vos
1911 2034 2131 2105 animi
2158 2033 2678 2124 dissidentium,
2711 2058 2880 2106 nam
2906 2035 3078 2107 huic

943 2184 979 2222 κ
1021 2154 1128 2225 rei
1153 2176 1283 2224 vos
1304 2150 1517 2222 video
1542 2150 1940 2248 aptissimos
1957 2202 1976 2239 ,
2023 2149 2148 2247 qui
2174 2165 2337 2224 ante
2371 2149 2509 2222 hac
2533 2165 2785 2222 mutua
2807 2150 3080 2222 lesione

944 2301 979 2336 α
1022 2270 1125 2341 rei
1164 2266 1465 2368 publicae
1503 2265 1894 2364 plurimum
1932 2264 2452 2363 derogavimus.
2527 2267 2820 2339 Consilii
2865 2268 3083 2339 vestri

946 2418 983 2455 «
1023 2386 1375 2459 rationem
1399 2382 1748 2515 approbo.
1777 2382 1995 2454 Dictis
2019 2383 2312 2455 tandem
2339 2384 2522 2455 facta
2539 2384 3078 2457 consentiant.»

942 2503 1181 2601 Legati
1223 2501 1684 2601 persuasione
1722 2499 1964 2572 habita
2023 2500 2366 2592 redeunt,
2433 2498 2827 2599 ambosque
2885 2527 3085 2599 reges
3211 2478 3217 2483 ’

940 2618 1343 2694 alterutrius
1382 2616 1934 2689 benivolentiam
1963 2616 2056 2690 ad
2092 2618 2510 2692 alterutrum
2547 2618 2930 2691 referentes
2950 2673 2969 2711 ,

944 2737 1260 2810 amicicia
1287 2751 1760 2834 componunt.
1793 2736 2258 2808 Constituitur
2282 2753 2565 2837 tempus
2596 2737 3080 2835 colloquendi.

948 2857 1177 2924 Locus
1214 2852 1497 2948 utrique
1533 2850 1962 2922 commodus
1996 2850 2398 2949 deputatur.
2434 2857 2522 2923 Et
2545 2853 2714 2949 quia
2738 2854 2928 2924 circa
2954 2853 3088 2923 flu-

945 2971 1142 3040 vium
1171 2971 1445 3040 Mosam
1480 2991 1697 3065 regna
1723 2965 2103 3039 amborum
2140 2951 2677 3042 conlimitabant
2694 3024 2714 3062 ‚
2745 2970 3088 3041 inlocum

950 3087 1075 3184 qui
1099 3083 1479 3182 Margolius
1505 3084 1789 3177 dicitur,
1822 3085 1922 3157 eis
1948 3084 2081 3157 sibi
2106 3111 2480 3158 occurrere
2505 3086 2796 3186 placuit.

1188 3270 1442 3324 Lxxxl.
1465 3301 1540 3313 —
1560 3271 1800 3325 lotharii
1825 3270 1960 3325 est*
1986 3271 2198 3330 Ottonis
2221 3289 2407 3344 regum
2438 3272 2843 3327 oondliatiou.

1050 3407 1559 3476 Convenerunt
1597 3429 1768 3502 ergo
1784 3459 1805 3496 ,
1858 3404 2186 3504 datisque
2234 3406 2532 3499 dextris,
2590 3407 2920 3480 osculum
2961 3407 3093 3479 sibi

952 3523 1105 3594 sine
1128 3521 1364 3621 aliqua
1392 3521 1908 3622 disceptatione
1941 3521 2445 3623 benignissime
2483 3523 2878 3618 dederunt3
2923 3525 3095 3622 ami·

953 3637 1203 3711 ciciam
1271 3636 1688 3710 altrinsecus
1756 3653 2201 3712 sacramento
2266 3638 2736 3714 stabilierunt.
2802 3641 3096 3740 Belgicae

954 3777 1120 3850 pars
1177 3778 1335 3851 quae
1383 3754 1456 3824 in
1508 3752 1631 3826 lite
1684 3753 1910 3827 suerat
1975 3757 2050 3827 in
2086 3756 2206 3853 jus
2255 3758 2539 3830 Ottonis
2576 3758 2875 3831 transiit.
2923 3761 3095 3832 otto

955 3872 1155 3968 regni
1180 3873 1289 3941 sui
1312 3896 1491 3969 pace
1518 3872 1725 3963 facta,
1757 3872 2029 3945 ltaliam
2053 3875 2278 3974 petiit,
2311 3879 2753 3973 Romamque
2780 3875 3091 3966 devenit,

957 4011 1125 4059 suos
1162 3989 1517 4060 revisurus
1551 4005 1766 4087 atque
1801 3989 1893 4063 de
1931 3992 2131 4089 regni
2167 4007 2352 4064 statu
2393 3994 2856 4090 quasiturus3
2897 4017 3098 4065 com-

1026 4183 1059 4219 *
1094 4184 1240 4250 nsi0,
1270 4201 1331 4236 os
1353 4184 1561 4237 abscisa.

1026 4265 1087 4302 ’Ψ
1124 4280 1203 4333 et,
1228 4267 1280 4320 ia
1304 4267 1511 4320 abscisa.
