3459 5375
858 539 974 600 144
1582 534 1916 597 RchEm
1963 536 2112 597 LIB.
2163 536 2270 599 lv.

849 687 1105 773 praeter
1144 672 1416 769 justum
1469 670 1706 767 aliqua
1770 668 2064 767 indigna
2109 668 2364 745 dixisse
2415 670 2799 755 videretur.
2861 678 3000 746 Pro

853 804 1056 888 parte
1082 802 1327 860 tamen
1356 786 1422 858 ei
1446 784 1724 859 fautum
1752 800 1884 874 est,
1915 809 2050 883 pro
2073 799 2277 883 parte
2301 810 2478 857 vero
2504 811 2995 885 suppressum3

854 908 951 979 ita
978 922 1246 997 tamen,
1285 917 1367 975 ut
1392 918 1464 975 et
1486 903 1635 1001 regi
1670 902 1927 998 injuria
1961 926 2114 974 non
2141 900 2370 994 fieret,
2402 917 2477 974 et
2497 904 2698 1003 operi
2734 902 3002 976 nefario

856 1022 1005 1102 dux
1039 1048 1191 1095 non
1232 1020 1688 1093 consentiens
1720 1034 2027 1119 pareret.
2085 1022 2229 1090 Rex
2277 1034 2480 1091 tanto
2533 1019 2778 1092 animo
2829 1045 3006 1119 prae-

860 1165 1056 1239 cepS,
1079 1140 1155 1211 in
1181 1136 1840 1237 metropolitanum,
1873 1148 2238 1235 assumpto
2274 1133 2487 1227 duce,
2508 1158 2676 1207 cum
2695 1136 3006 1207 exercitu

858 1256 1103 1331 fermr.
1138 1260 1375 1356 Ipsam
1400 1252 1657 1327 urbem
1692 1254 1995 1354 appetit,
2027 1266 2241 1351 atque
2265 1253 2662 1352 irrumpere
2694 1267 3008 1325 conten-

860 1372 988 1446 dit.
1022 1374 1417 1445 Primatum
1454 1370 2023 1445 tamen-consilio
2059 1396 2228 1443 usus
2249 1424 2272 1461 ‚
2325 1369 2594 1467 legatos
2630 1370 3000 1468 praemisit,

856 1514 991 1589 per
1012 1513 1199 1587 quos
1224 1501 1571 1586 quaereret
1587 1540 1608 1578 ,
1656 1512 1750 1559 an
1785 1487 2164 1584 episcopus
2197 1486 2549 1559 resisteret
2581 1486 2730 1582 regi
2747 1538 2768 1576 ,
2799 1508 2890 1557 an
2919 1508 3010 1557 ex

858 1605 1157 1703 objectis
1192 1603 1481 1705 purgari
1504 1617 1768 1677 statuto
1795 1618 2124 1701 tempore
2156 1618 2444 1702 paratus
2483 1616 2690 1681 esset.
2729 1602 2803 1673 Si
2836 1626 3010 1675 con·

856 1739 967 1795 tra
1000 1734 1217 1795 staret
1230 1774 1252 1811 ,
1298 1743 1452 1791 sese
1494 1742 1665 1791 mox
1696 1716 2151 1791 obsidionem
2189 1716 2352 1809 urbi
2391 1716 2876 1791 adhibiturum
2900 1716 3012 1789 di-

858 1854 1105 1913 cerent
1120 1893 1141 1930 ,
1190 1851 1615 1937 captamque
1640 1834 1897 1909 urbem
1924 1861 2095 1908 cum
2129 1836 2286 1935 ipso
2321 1834 2527 1909 hoste
2566 1860 3010 1935 compressu·

858 1982 1047 2029 rum.
1078 1956 1150 2027 Si
1172 1979 1345 2027 vero
1372 1952 1667 2051 'objectis
1682 1950 2120 2053 respondere
2141 1978 2292 2025 non
2317 1950 2702 2045 dubitaret,
2725 1946 3010 2025 obsides

859 2075 953 2147 ab
978 2099 1067 2148 eo
1091 2098 1245 2146 sese
1273 2062 1735 2172 accepturum
1767 2069 2320 2170 ducturumque.
2489 2140 2506 2179 Κ

1893 2256 1992 2306 IV.

965 2403 1072 2477 Ad
1112 2404 1265 2476 haec
1312 2403 1906 2503 metropolitanus
1943 2432 1958 2475 ε
2009 2432 2048 2472 «
2076 2409 2260 2477 Cum
2301 2420 2578 2479 constet
2597 2458 2617 2497 ,
2657 2434 2692 2473 »
2733 2408 2966 2505 inquit
2983 2461 3002 2497 ,

874 2550 910 2589 α
940 2520 1177 2593 bonos
1208 2544 1537 2617 quosque
1572 2544 1972 2618 pravorum
2013 2520 2388 2593 calumniis
2430 2520 2714 2595 assidue
2754 2520 3013 2594 dilace-

872 2672 909 2713 «
940 2643 1107 2736 rari,
1148 2667 1296 2716 non
1334 2642 1559 2726 miror
1590 2642 1766 2716 huic
1798 2643 2070 2742 injuriae
2102 2642 2345 2718 locum
2379 2642 2740 2718 accidisse.
2786 2639 3012 2717 Multo

873 2787 912 2828 «
942 2759 1267 2859 amplius
1290 2783 1467 2831 vero
1512 2760 1739 2831 miror
1754 2811 1775 2850 ‚
1833 2761 2155 2859 egregios
2203 2760 2564 2860 principes
2611 2775 2760 2832 tam
2807 2759 3014 2833 facile
3089 2855 3102 2865 ο

874 2905 912 2944 <e
940 2901 1153 2976 posse
1178 2875 1344 2948 illici
1358 2931 1379 2969 ,
1410 2891 1490 2948 ut
1524 2877 1913 2949 certissime
1935 2903 2088 2950 esse
2109 2877 2406 2950 credant
2424 2932 2443 2968 ,
2483 2878 2684 2975 quod
2710 2901 2846 2950 nec
2880 2877 3014 2948 sub

874 3023 913 3061 «
936 2993 1180 3090 judice
1206 2994 1295 3066 sit
1328 2993 1725 3069 discussum
1739 3047 1760 3084 ‚
1793 3009 1866 3067 et
1890 2995 1949 3067 si
1983 2995 2058 3066 in
2093 2992 2542 3067 discutiendo
2578 2987 3008 3094 conferatur,

874 3139 909 3176 a
945 3109 1158 3182 nullis
1183 3107 1577 3184 rationibus
1603 3107 1975 3208 probabile
1999 3109 2146 3182 fiat.
2179 3109 2398 3202 Quod
2417 3111 2477 3183 si
2495 3109 2764 3182 credita
2782 3092 3018 3182 discu-

875 3256 911 3294 α
944 3240 1095 3299 tere
1120 3225 1386 3325 placuit
1404 3279 1424 3317 ,
1456 3249 1587 3300 cur
1607 3227 1826 3298 armis
1850 3240 1923 3298 et
1947 3228 2260 3299 exercitu
2287 3227 2363 3299 id
2389 3225 2737 3324 exigitur?
2760 3231 3014 3299 Nonne

875 3373 913 3412 κ
946 3367 1118 3441 ergo
1156 3343 1293 3416 alia
1316 3367 1453 3442 pro
1482 3341 1631 3416 aliis
1658 3367 1795 3416 nos
1819 3344 2133 3442 cogitare
2157 3343 2476 3417 faciunt?
2501 3344 2574 3414 Si
2595 3343 2687 3414 de
2721 3359 3006 3442 piaeter·

878 3460 1063 3534 «itis
1114 3461 1343 3558 agitur
1356 3514 1377 3550 ‚
1417 3483 1668 3557 regum
1710 3459 2011 3533 salutem
2044 3460 2390 3532 hactenus
2424 3459 2691 3557 optavi.
2745 3463 3012 3532 Eorum

876 3607 916 3647 «
949 3603 1172 3676 genus
1204 3576 1418 3650 colui.
1464 3577 1874 3675 Principum
1914 3601 2206 3675 quoque
2241 3575 2628 3648 commoda
2644 3629 2666 3668 ,
2714 3600 2848 3673 pro
2893 3600 3015 3647 ra-

876 3723 916 3764 «
944 3695 1141 3768 tione
1176 3693 1430 3766 amavi.
1479 3691 1553 3762 Si
1596 3692 1689 3763 de
1729 3687 2234 3790 praesentibus‚'
2291 3683 2490 3790 regis
2516 3692 2712 3789 jussa
2765 3693 3016 3793 exequi

876 3838 915 3878 «
945 3834 1098 3882 non
1124 3833 1408 3899 moror3
1442 3791 1726 3878 obsides
1753 3833 1936 3906 quos
1969 3807 2156 3900 vult,
2188 3807 2435 3900 trado;
2469 3809 2818 3879 rationem
2846 3831 3017 3878 con-

876 3957 912 3995 «
944 3942 1053 3998 tra
1080 3925 1359 4022 objecta
1382 3921 1754 3996 intendere
1775 3951 1924 3997 non
1950 3927 2226 3998 differo,
2266 3955 2303 3994 »
2333 3925 2557 3997 Factis
2579 3949 2747 4022 ergo
2773 3925 3017 3995 utrim-

868 4069 1011 4143 que
1038 4043 1429 4146 rationibus
1446 4096 1465 4132 ,
1508 4039 1796 4114 obsides
1820 4042 2020 4116 dedit
2036 4047 2072 4135 ‚'
2099 4047 2542 4140 Ragenerum
2568 4044 2801 4113 virum
2840 4039 3017 4113 mili·

870 4177 1095 4234 tarem
1110 4215 1130 4254 ‚
1188 4161 1555 4235 nobilitate
1604 4176 1675 4232 et
1722 4160 1982 4234 divitiis
2037 4161 2308 4233 clarum
2329 4213 2348 4250 ,
2401 4159 2781 4256 pluresque
2838 4152 3012 4230 alios

867 4277 1041 4351 dum
1078 4280 1225 4377 regi
1260 4277 1639 4352 sufficeret.
