3459 5375
926 554 1047 614 290
1652 546 1733 607 111
1739 545 1980 607 CHERI
2023 544 2170 607 ΜΒ.
2217 545 2322 609 lv,

932 710 969 749 α
1000 680 1197 753 ferat.
1224 708 1261 746 n
1306 682 1513 751 Hunc
1554 702 1687 775 pro
1728 675 2027 749 domino
2067 698 2200 747 suo
2235 674 2702 749 insanientem
2735 690 2808 747 et
2843 676 3048 749 fervi-

926 797 1135 885 dum,
1192 796 1577 869 Landricus
1626 816 1870 867 comes
1924 793 2024 865 sic
2073 790 2456 889 alloquitur
2503 816 2520 860 ε
2575 820 2610 859 κ
2665 794 2732 863 Ο
2778 793 3046 891 optime

932 944 967 983 α
1008 914 1209 987 miles
1223 968 1241 999 ,
1268 912 1527 985 harum
1572 925 1649 982 ut
1673 909 1886 982 video
1921 907 2270 981 fiaudium
2311 907 2592 1006 penitus
2625 930 2702 979 es
2733 908 3038 1005 ignarus.

931 1062 966 1101 κ
1009 1036 1207 1121 Quae,
1248 1030 1411 1101 licet
1444 1044 1514 1100 te
1548 1028 1952 1124 ignorante,
1994 1039 2230 1097 tamen
2257 1038 2340 1095 ut
2371 1022 2841 1121 praedicantur
2861 1050 3046 1124 qnae·

929 1178 962 1215 «
1007 1149 1150 1219 sitae
1196 1156 1382 1219 sunt.
1421 1142 1629 1215 Unde
1660 1156 1734 1213 et
1772 1156 2088 1239 tempera
2137 1141 2454 1213 animum
2467 1194 2489 1231 ,
2533 1141 2777 1239 mitiga
2819 1142 3046 1215 fervo-

929 1298 965 1335 «
1009 1294 1197 1349 rem:
1236 1266 1403 1337 belli
1450 1264 1939 1336 necessitatem
1995 1286 2144 1333 non
2197 1258 2326 1333 tihi
2380 1264 2737 1361 imponas3
2777 1288 2925 1337 non
2977 1280 3046 1337 te

928 1414 965 1451 «
1004 1382 1325 1483 impellas
1344 1435 1364 1472 ,
1414 1380 1608 1452 unde
1661 1379 2015 1477 ingressus
2076 1377 2306 1449 redire
2363 1400 2514 1448 non
2569 1380 2866 1475 poteris3
2920 1380 3045 1455 sed

928 1530 962 1567 «ι
1004 1524 1197 1570 nunc
1233 1520 1395 1569 meo
1434 1518 1601 1568 usus
1632 1493 1963 1584 consili0,
1993 1492 2360 1593 paululum
2393 1490 2563 1565 hinc
2595 1496 2876 1585 secede3
2917 1497 3046 1570 do·

926 1646 963 1683 «
1006 1616 1421 1713 minumque
1466 1628 1668 1683 tuum
1712 1612 1805 1682 de
1849 1608 1960 1683 his
1997 1634 2088 1681 an
2133 1634 2299 1681 vera
2341 1607 2516 1699 sint,
2564 1610 2936 1709 interroga.
2973 1616 3046 1686 Si

928 1764 963 1801 «
1009 1750 1076 1805 te
1124 1732 1218 1805 ad
1273 1754 1585 1830 pugnam
1636 1728 2000 1816 hortatur,
2053 1723 2520 1823 congredere3
2574 1728 2631 1797 si
2680 1726 2849 1800 dicit
2893 1754 3044 1803 ces-

930 1879 965 1918 «
1006 1847 1343 1938 sandum,
1386 1844 1607 1918 furori
1639 1866 1876 1943 parce.
1916 1871 1950 1910 n
1983 1842 2276 1914 Secessit
2309 1865 2500 1937 erg0,
2533 1840 3046 1943 dominumque

924 1980 1257 2037 vocatum
1314 1987 1407 2037 an
1463 1963 1563 2033 sic
1598 1985 1711 2032 res
1761 1958 2106 2031 habeatur
2155 1960 2562 2055 interrogat.
2617 1960 3040 2059 Episcopus,

925 2096 1172 2179 utpote
1196 2104 1241 2153 a
1271 2080 1559 2152 conscio
1586 2078 1952 2149 convictus
1966 2130 1985 2166 ‚
2013 2100 2166 2151 rem
2203 2078 2299 2151 ita
2333 2104 2484 2151 esse
2513 2078 2854 2175 quaerenti
2877 2103 3048 2151 con·

926 2203 1143 2277 fessus
1190 2216 1333 2292 est3
1382 2198 1576 2271 unde
1615 2213 1689 2270 et
1733 2222 2048 2297 pugnam
2099 2198 2430 2274 inhibuit.
2493 2198 2752 2271 Sedato
2811 2199 3046 2297 itaque

928 2334 1125 2391 tanto
1182 2316 1453 2389 fervore
1505 2314 1744 2387 militis
1757 2366 1778 2405 ,
1829 2336 1942 2387 res
1995 2315 2278 2412 penitus
2325 2316 2656 2387 innotuit.
2707 2319 3046 2387 Detentus

928 2462 1095 2536 ergo
1138 2464 1387 2535 regum
1414 2438 1613 2534 jussu
1636 2490 1655 2526 ‚
1701 2451 1950 2533 utpote
2005 2435 2326 2508 desertor
2361 2434 2771 2509 custodibus
2807 2436 3036 2509 datur.

926 2557 1141 2652 Cujus
1166 2554 1421 2627 milites
1454 2577 1623 2625 mox
1654 2552 1938 2650 regibus
1961 2568 2403 2625 sacramento
2437 2552 2694 2651 alligati
2717 2568 2907 2627 sunt.

1156 2791 1353 2846 xclx.
1377 2821 1451 2833 —
1472 2789 1716 2864 Synodns
1741 2807 1858 2861 qun
1882 2807 1984 2862 pro
2007 2791 2230 2844 Amulfo
2259 2791 2490 2845 Mosomi
2515 2792 2694 2848 habita
2713 2807 2810 2847 est.

1021 2970 1215 3039 Dum
1254 2965 1405 3038 haec
1444 2979 1816 3064 agerentur
1856 2966 1874 3002 ⁴
1894 3018 1913 3054 ‚
1959 2990 2126 3037 cum
2171 2964 2558 3038 Galliarum
2599 2969 2912 3068 episcopi
2957 2969 3046 3040 ab

928 3080 1207 3178 regibus
1240 3079 1583 3181 prohibiti
1632 3095 1866 3152 essent
1903 3094 1984 3151 ut
2017 3079 2110 3150 ad
2145 3079 2481 3151 sinodum
2523 3097 2856 3154 statutam
2901 3107 3044 3158 non

925 3198 1280 3271 venissent
1295 3251 1316 3285 ,
1368 3196 1685 3295 episcopi
1735 3211 1974 3268 tamen
2015 3197 2410 3268 Germaniae
2459 3221 2553 3268 ne
2599 3196 2747 3270 doli
2803 3225 3045 3297 argue·

927 3327 1172 3385 rentur
1206 3313 1441 3386 sinon
1482 3311 1903 3383 accederent
1925 3364 1945 3401 ,
1983 3324 2243 3383 statuto
2283 3325 2604 3412 tempore
2650 3317 3045 3388 Mosomum

928 3431 1366 3502 conveniunt
1380 3481 1399 3520 ,
1458 3427 1711 3500 domni
1757 3447 1956 3526 papae
2005 3425 2313 3523 legatum
2376 3451 2619 3499 secum
2673 3427 3037 3504 habentes.

926 3545 1217 3618 Collecti
1258 3569 1425 3644 ergo
1470 3544 1546 3615 in
1602 3543 1889 3617 basilica
1936 3557 2191 3615 sanctae
2232 3543 2365 3614 Dei
2416 3544 2765 3641 genitricis
2817 3550 3044 3620 Mariae

928 3663 1311 3735 ordinatim
1352 3685 1555 3734 more
1608 3659 2076 3734 ecclesiastico
2113 3659 2500 3733 consedere
2521 3715 2541 3754 ‚
2594 3663 2857 3737 scilicet
2923 3669 3046 3736 Su·

926 3800 1131 3875 gerus
1167 3769 1922 3875 Mimagardvurdensis
1935 3830 1954 3866 ,
1995 3777 2373 3850 Leodulfus
2406 3781 2873 3871 Treverensis,
2915 3787 3046 3854 No-

925 3893 1177 3966 cherus
1242 3893 1691 3966 Leodicensis
1714 3945 1735 3981 ,
1791 3907 1862 3964 et
1931 3891 2185 3964 Haimo
2239 3893 2722 3968 virdunensis.
2779 3901 3046 3970 Horum

926 4010 1201 4082 medius
1245 4007 1461 4081 abbas
1494 4010 1637 4081 Leo
1676 4005 1971 4098 resedit,
2014 4009 2341 4108 vicesque
2381 4010 2632 4084 domni
2678 4039 2878 4118 papae
2919 4013 3044 4086 ob·

992 4261 1007 4288 ¹
1049 4279 1141 4331 age
1168 4261 1420 4314 abscisum.
