3459 5375
898 552 978 614 34
1615 555 1944 617 RICHERI
1992 558 2141 621 LIB.
2190 558 2309 619 111.

901 716 936 755 «
975 712 1118 784 que
1154 688 1380 761 valeat
1421 688 1734 761 dissolvi.
1782 690 1988 763 Unde
2038 707 2108 763 et
2152 718 2193 764 a
2232 694 2433 766 vobis
2474 695 2669 767 idem
2706 698 3028 773 roborari

897 826 948 873 «·
975 804 1166 877 volo.
1238 835 1273 873 υ
1322 807 1628 879 Sinodus
1685 808 1862 880 dixit
1916 837 1931 879 z
1992 838 2027 878 «
2088 809 2509 883 Roboretur.
2578 842 2613 881 »
2663 816 3027 891 Prolatum

888 920 1099 1018 igitur
1145 945 1188 991 a
1229 922 1781 1022 metropolitano
1796 978 1815 1015 ,
1859 924 1930 995 in
1977 926 2282 997 concilio
2340 928 2708 1001 recitatum
2754 946 2859 1003 est
2904 933 3027 1004 eis-

888 1062 1029 1135 que
1065 1052 1510 1138 porrectum,
1563 1056 1632 1111 et
1677 1039 1770 1112 ab
1810 1065 2062 1113 eorum
2107 1042 2395 1139 singulis
2438 1069 2655 1116 manu
2696 1047 3027 1147 imposita

885 1153 1326 1226 roboratum.
1381 1156 1598 1243 Quod
1645 1157 1861 1229 etiam
1906 1183 1949 1229 a
2003 1158 2372 1231 monachis
2417 1162 2539 1259 qui
2590 1164 2686 1235 ibi
2730 1165 3026 1238 aderant

883 1287 1256 1371 exceptum
1277 1328 1294 1363 ‚
1337 1272 1626 1345 archivo
1664 1276 2075 1347 monasterii
2115 1274 2414 1349 relatum
2459 1293 2586 1349 est.

915 1448 1122 1501 XXXI.
1145 1478 1219 1491 --
1239 1450 1557 1520 Conquestio
1571 1448 1602 1485 ³⁵
1627 1452 2061 1523 metropolitani*
2100 1452 2167 1506 de
2190 1456 2581 1509 monachorum
2594 1456 2627 1491 ¹*
2654 1458 2903 1530 religione
2920 1458 2981 1526 ¹⁸,
3012 1492 3020 1500 ·

1561 1542 1865 1611 rituumque
1880 1540 1911 1578 *
1936 1544 2263 1597 correctione
2280 1544 2335 1596 *.

971 1670 1163 1736 Inter
1195 1664 1346 1736 haec
1385 1690 1675 1763 quoque
1715 1681 1787 1738 et
1836 1666 1971 1739 alia
2020 1668 2215 1740 utilia
2267 1694 2425 1767 quae
2476 1668 2572 1741 ibi
2610 1645 3016 1745 'constituta

877 1796 1041 1853 sunt
1078 1836 1096 1871 ,
1176 1780 1266 1853 de
1337 1781 1865 1854 monachorum
1934 1782 2271 1881 religione
2344 1810 2386 1859 a
2466 1788 3017 1886 metropolitano

875 1913 1078 1969 motu
1131 1899 1541 1995 gravissimo
1576 1902 1995 1997 conquestio
2044 1902 2285 1975 habita
2331 1918 2437 1975 est
2459 1959 2479 1993 ‚
2538 1928 2625 1977 eo
2676 1904 2876 2002 quod
2927 1908 3021 1978 ri-

873 2028 988 2085 tus
1025 2040 1066 2085 a
1093 2014 1481 2111 majoribus
1517 2017 1916 2106 censtituti‚
1972 2042 2014 2089 a
2061 2012 2491 2116 quibusdam
2538 2019 2902 2120 depravati
2948 2036 3019 2094 et

873 2132 1226 2203 immutati
1273 2132 1706 2204 viderentur.
1754 2134 1961 2206 Unde
1998 2151 2069 2207 et
2114 2136 2249 2207 sub
2299 2138 2802 2236 episcoporum
2837 2164 3014 2237 prae-
3082 2134 3097 2145 ’

873 2250 1098 2321 sentia
1145 2247 1237 2320 ab
1289 2249 1548 2321 eodem
1599 2249 1968 2322 decretum
2018 2266 2125 2322 est
2186 2267 2267 2323 ut
2312 2252 2759 2325 diversorum
2817 2252 3014 2326 loco-

873 2390 1036 2436 rum
1070 2365 1359 2437 abbates
1383 2366 1880 2456 convenirent,
1924 2382 1995 2438 et
2028 2367 2199 2439 inde
2232 2369 2494 2441 utiliter
2528 2369 3005 2442 consulerent.

873 2482 1236 2580 Hujusque
1276 2480 1622 2555 habendae
1657 2482 1953 2554 rationis
1986 2497 2268 2583 tempus
2295 2500 2367 2587 et
2400 2484 2600 2557 locus
2636 2511 2807 2558 mox
2842 2512 3013 2559 con-

873 2600 1112 2672 stituta
1149 2614 1352 2692 sunt,
1395 2616 1468 2673 et
1501 2600 1600 2671 sic
1634 2601 1931 2673 sinodus
1968 2600 2198 2674 soluta
2234 2618 2363 2674 est.
2446 2586 2471 2681 ,’

1097 2767 1339 2843 xxxa.
1367 2816 1440 2828 -
1453 2785 1615 2854 Quod
1643 2787 1805 2840 abhas
1830 2785 2093 2841 Roduiru,
2116 2788 2371 2842 abbatum
2392 2789 2589 2861 primas
2612 2790 2787 2843 ruent.

970 2922 1246 2988 Interea
1281 2930 1559 3015 tempus
1593 2916 1902 2988 advenit.
1948 2915 2252 2990 Abbates
2293 2943 2582 3017 quoque
2610 2944 2696 2990 ex
2731 2917 3012 2989 diverso

875 3033 952 3104 in
987 3058 1214 3104 unum
1249 3031 1526 3109 collecti
1561 3049 1749 3105 sunt.
1808 3037 2137 3121 Quorum
2181 3036 2577 3134 praecipuus
2629 3051 2699 3106 et
2749 3035 3015 3133 primas

873 3151 1297 3223 constitutus
1323 3165 1430 3222 est
1480 3150 1589 3222 vir
1627 3149 1808 3222 divae
1848 3152 2210 3223 memoriae
2233 3151 2577 3224 Rodulfus
2603 3207 2621 3242 ,
2655 3177 2740 3224 ex
2776 3175 3017 3225 coeno-

874 3266 998 3339 bio
1034 3267 1260 3338 sancti
1297 3268 1590 3364 Remigii
1623 3265 1864 3339 abbas.
1908 3271 2072 3355 Quo
2107 3268 2533 3367 praesidente
2574 3283 2646 3340 et
2686 3259 3015 3366 praelatu-

876 3409 970 3456 rae
1004 3382 1418 3481 dignitatem
1452 3398 1739 3456 tenente
1763 3438 1782 3475 ,
1824 3383 1943 3455 alii
1977 3385 2247 3478 circum
2283 3384 2607 3485 dispositi
2641 3400 2831 3456 sunt.
2872 3386 3020 3480 Me·-

877 3499 1345 3600 tropolitanus
1383 3526 1555 3572 vero
1603 3522 1691 3574 ex
1725 3501 2028 3573 adverso
2064 3501 2141 3572 in
2168 3501 2517 3576 cliotedro
2554 3489 2838 3573 resedit.
2873 3499 3015 3586 Qui

873 3619 1194 3716 primatis
1227 3617 1671 3716 aliorumque
1705 3633 1993 3717 patrum
2025 3615 2313 3690 hortatu
2360 3620 2823 3691 concionatus
2845 3669 2864 3706 ,
2916 3616 3017 3687 sic

875 3735 1302 3835 praelocutus
1343 3753 1448 3809 est
1481 3765 1496 3807 ε

918 3915 1183 3970 XXXIII.
1210 3946 1284 4002 —:
1300 3917 1608 3992 Praelocutio
1630 3917 1694 3954 θ’
1721 3914 2113 3990 men-opolimni
2128 3917 2191 3952 Η
2231 3917 2289 3970 in
2314 3913 2504 3969 sinodo
2519 3914 2585 3950 *θ’
2609 3913 2861 3967 abbatum
2877 3909 2962 3963 fl.

977 4083 1013 4122 c<
1067 4055 1404 4150 Magnum
1445 4068 1575 4144 est,
1623 4068 1859 4151 patres
1908 4052 2353 4142 sanctissimi,
2406 4051 2641 4123 bonos
2692 4071 3019 4146 quosque

943 4257 976 4291 ⁴⁸*
1011 4258 1169 4324 estio,
1191 4257 1386 4330 polita,
1411 4273 1546 4325 ona,
1572 4257 1694 4329 eligi
1713 4297 1729 4324 ,
1760 4257 1866 4310 ritu
1884 4297 1901 4325 ,
1926 4257 2101 4311 ctione
2127 4256 2339 4309 abscisa.

945 4343 1009 4379 ⁴³*
1043 4343 1186 4396 cutio
1204 4383 1219 4409 ,
1246 4341 1500 4416 opolitani
1517 4381 1532 4410 ,
1559 4341 1666 4396 odo
1689 4381 1704 4408 ,
1734 4360 1827 4395 um
1852 4342 2060 4395 abscisa.
