3459 5375
938 563 1061 627 304
1650 562 1980 625 mcHEm
2028 564 2177 624 LIB.
2226 556 2332 625 IV.

1764 752 1878 805 CV.
1894 752 2246 823 —Epilogus.

1045 944 1083 983 «
1123 913 1361 986 Redeo
1406 911 1499 985 ad
1540 936 1655 984 me
1673 966 1693 1004 ,
1739 913 2280 983 reverentissimi
2331 923 2562 1009 patres
2583 965 2603 1003 ,
2649 914 2764 985 cui
2806 913 3062 1015 specia-

948 1062 984 1099 α
1026 1032 1183 1103 liter
1228 1031 1325 1101 ob
1372 1030 1669 1102 salutem
1711 1030 2070 1129 pereuntis
2103 1028 2352 1128 populi
2403 1030 2753 1127 totiusque
2795 1030 2898 1103 rei
2939 1058 3063 1131 pu-

950 1177 986 1217 «
1026 1146 1225 1219 blicae
1263 1168 1507 1218 curam
1554 1170 1746 1216 mors
1782 1144 2161 1216 furibunda
2205 1170 2369 1217 cum
2417 1146 2748 1219 omnibus
2787 1148 2934 1219 suis
2973 1150 3068 1220 in·

950 1292 987 1331 «
1032 1261 1278 1335 cubuit
1303 1261 1547 1363 copiis.
1578 1262 1760 1332 Hinc
1787 1260 1942 1332 dira
1974 1276 2241 1358 egestas
2267 1261 2559 1334 horreas
2595 1278 2666 1334 et
2690 1263 3068 1361 apothecas

951 1406 987 1445 t<
1030 1390 1300 1447 armata
1350 1399 1568 1446 manu
1619 1374 1753 1446 sibi
1804 1374 2114 1447 vindicat
2131 1429 2151 1467 ,
2206 1374 2397 1446 illinc
2451 1374 2620 1448 foris
2683 1377 2959 1475 gladius
3003 1394 3070 1449 et

953 1521 993 1561 «
1030 1493 1221 1564 intus
1256 1516 1505 1590 pavor,
1540 1492 1690 1565 dies
1733 1516 1816 1564 ac
1853 1507 2099 1564 noctes
2127 1491 2592 1567 reddiderunt
2623 1494 2986 1566 insomnes
3011 1494 3028 1529 ⁴
3048 1548 3064 1563 .

954 1641 991 1680 t(
1034 1610 1199 1681 Sola
1237 1625 1467 1682 vestra
1510 1611 1888 1682 auctoritas
1905 1664 1926 1701 ,
1967 1626 2048 1681 ut
2098 1624 2458 1682 tantorum
2497 1610 2850 1683 malorum
2891 1610 3075 1681 leva·

954 1757 991 1795 α
1033 1752 1199 1799 men
1251 1726 1450 1798 fieret
1466 1780 1486 1818 ,
1529 1742 1895 1825 expectata
1930 1742 2036 1798 est
2057 1780 2076 1818 ,
2123 1751 2279 1823 quae
2313 1742 2580 1799 tantam
2622 1727 2768 1799 vim
2813 1726 3075 1799 habere

959 1872 997 1911 «
1036 1842 1372 1934 creditur,
1427 1859 1508 1914 ut
1556 1868 1707 1915 non
1761 1843 1994 1915 solum
2043 1845 2372 1915 Remensi
2385 1896 2404 1935 ,
2453 1844 2580 1915 sed
2625 1845 2840 1917 etiam
2881 1842 3076 1914 onmi

956 1990 993 2029 «
1036 1960 1341 2032 ecclesiae
1392 1960 1759 2036 Gallorum
1816 1959 2179 2050 desolatae,
2235 1976 2306 2033 et
2366 1986 2549 2059 pene
2619 1960 2712 2032 ad
2776 1959 3078 2031 nihilum

957 2106 995 2145 t<
1038 2077 1338 2149 redactae
1358 2130 1378 2163 ‚
1412 2076 1727 2149 subsidio
1767 2102 1918 2151 esse
1953 2076 2215 2166 valeat3
2259 2076 2458 2174 quod
2507 2077 2884 2149 Divinitate
2917 2099 3080 2173 pro-

962 2222 997 2259 «
1036 2194 1212 2291 pitia
1264 2208 1713 2293 expectamus
1733 2248 1752 2285 ‚
1807 2209 1878 2264 et
1934 2208 2012 2265 ut
2058 2192 2181 2265 fiat
2197 2246 2217 2282 ,
2275 2216 2526 2264 omnes
2577 2193 2650 2263 in
2697 2208 3082 2264 commune

962 2340 999 2379 «
1042 2335 1351 2382 oramus·
1399 2340 1435 2377 >2

1942 2478 2085 2532 CVI.

1058 2636 1290 2720 Quam
1324 2630 1709 2732 perlectam
1728 2687 1748 2724 ‚
1790 2633 2019 2731 legato
2057 2658 2258 2734 papae
2297 2655 2463 2706 mox
2510 2630 2884 2730 legendam
2923 2650 3086 2729 por-

962 2751 1159 2821 rexit.
1214 2753 1409 2821 Tunc
1464 2752 1775 2848 episcopi
1837 2775 2086 2824 omnes
2155 2777 2322 2822 cum
2387 2749 2773 2822 Godefrido
2829 2749 3086 2820 comite

962 2867 1084 2961 qui
1130 2866 1231 2936 eis
1272 2866 1607 2937 intererat
1648 2867 1856 2938 simul
1905 2881 2269 2964 surgentes
2283 2920 2302 2954 ‚
2345 2889 2725 2962 orsumque
2777 2863 3044 2935 seducti
3061 2917 3080 2952 ,

964 2980 1137 3079 quid
1182 2979 1562 3077 agendum‘
1584 2981 1754 3053 inde
1805 2997 1988 3054 esset
2028 2980 2532 3055 deliberabant.
2577 2986 2663 3052 Et
2706 2995 2872 3080 post
2918 3005 3088 3078 pau·

962 3097 1189 3169 lulum
1214 3098 1447 3194 ipsum
1475 3097 1900 3170 Gerbertum
1929 3100 2247 3170 invitant.
2283 3100 2411 3170 Cui
2447 3121 2613 3170 cum
2637 3113 2801 3196 post
2825 3096 3090 3194 aliquot

966 3235 1326 3318 sermones
1352 3238 1392 3284 a
1418 3213 1695 3285 domno
1718 3239 1903 3315 papa
1929 3239 2189 3313 corpus
2215 3229 2286 3287 et
2319 3215 2734 3312 sanguinem
2759 3213 3083 3302 Domini,

966 3353 1049 3401 ac
1082 3328 1511 3401 sacerdotale
1554 3329 1868 3402 officium
1906 3331 2040 3402 sub
2075 3333 2444 3430 praesentia
2481 3330 2690 3428 legati
2713 3329 3089 3429 prohibere

969 3450 1229 3523 vellent
1248 3505 1267 3542 ,
1300 3451 1415 3523 ille
1446 3477 1614 3524 mox
1656 3479 1742 3524 ex
1782 3453 2174 3526 canonibus
2211 3470 2280 3526 et
2315 3455 2614 3527 decretis
2655 3452 3090 3525 confidenter

968 3570 1292 3658 astruxit,
1336 3569 1511 3639 nulli
1560 3567 1701 3641 hoc
1751 3570 2268 3669 imponendum
2287 3625 2306 3662 ‚
2339 3573 2473 3643 nisi
2511 3587 2634 3643 aut
2675 3597 2762 3643 ex
2801 3571 3090 3642 crimine

969 3686 1330 3777 convicto,
1386 3702 1509 3757 aut
1559 3702 1717 3785 post
1774 3689 2221 3760 vocationem
2271 3689 2513 3760 venire
2567 3687 2659 3760 ad
2714 3685 3090 3758 concilium

968 3799 1083 3873 vel
1114 3803 1459 3874 rationem
1490 3805 2048 3901 contempnenti.
2095 3805 2272 3875 Huic
2310 3829 2510 3903 penae
2558 3828 2704 3874 non
2755 3826 2905 3874 sese
2943 3825 3091 3874 esse

971 3916 1363 3990 obnoxium
1382 3973 1401 4010 ,
1456 3944 1620 3990 cum
1678 3921 1828 4019 ipse
1879 3922 2088 3993 etiam
2141 3919 2540 4018 prohibitus
2585 3919 2988 4008 accesserit,
3025 3931 3090 3988 et

974 4063 1138 4112 cum
1179 4039 1375 4111 nullo
1410 4040 1646 4113 adhuc
1690 4043 1985 4114 crimine
2026 4043 2392 4113 convictus
2426 4043 2536 4113 sit.
2569 4041 2932 4137 Simulque
2953 4039 3089 4110 hoc

1050 4287 1066 4318 ⁸
1105 4287 1247 4343 illinc
1265 4289 1304 4341 f.
1334 4309 1387 4360 g.
1414 4303 1465 4342 et
1488 4292 1525 4342 i.
1556 4309 1612 4362 p.
1643 4291 1700 4344 d.
1728 4311 1788 4344 ac
1811 4312 1868 4343 n.
1899 4311 1946 4346 r.
1979 4293 2241 4346 insomnes
2264 4293 2437 4346 desum
2465 4297 2516 4346 in
2539 4293 2651 4346 cod.
