3459 5375
852 551 936 614 ⁷4
1583 545 1920 611 lucnssm
1962 545 2110 609 ΜΒ.
2159 546 2279 607 111.

893 728 1098 783 LXIII.
1141 756 1216 769 -
1243 725 1407 794 Quod
1445 742 1556 779 non
1599 724 1781 779 omnia
1817 722 2039 777 nomina
2077 740 2352 778 causarum
2394 724 2610 797 singulis
2648 723 2971 782 dictionibus

954 965 1342 1041 Get-bertus
1370 988 1662 1064 quoque
1696 992 1711 1034 ε
1750 993 1787 1031 «
1824 967 1985 1035 Non
2018 987 2273 1039 omnes
2310 990 2350 1029 »
2386 962 2617 1060 inquit
2656 993 2691 1030 t(
2734 986 3001 1056 causae,

863 1116 897 1154 «
917 1108 1092 1157 .uno
1121 1082 1362 1156 valent
1395 1083 1691 1155 nomine
1729 1080 2057 1179 proferri.
2106 1080 2389 1153 Etenim
2426 1104 2593 1151 cum
2637 1103 2682 1150 a
2714 1080 3009 1154 Platone

859 1231 900 1271 «
941 1226 1156 1274 causa
1185 1201 1402 1274 creati
1443 1198 1699 1272 mundi
1737 1223 1888 1273 non
1925 1223 2072 1271 una
2102 1198 2230 1271 sed
2256 1197 2485 1269 tribus
2524 1197 2961 1271 dictionibus
2984 1256 3005 1291 ,

861 1348 898 1387 «
938 1317 1134 1391 hona
1167 1319 1301 1389 Dei
1334 1317 1665 1391 voluntas
1702 1316 2059 1389 declarata
2102 1317 2214 1405 sit,
2263 1330 2541 1389 constat
2574 1316 2761 1388 hanc
2792 1320 3011 1390 creati

863 1467 898 1504 «
939 1434 1195 1507 mundi
1224 1458 1537 1525 causam,
1588 1458 1741 1506 non
1778 1432 1977 1507 aliter
2009 1435 2324 1532 potuisse
2368 1433 2693 1531 proferri.
2737 1438 2917 1507 Nam
2954 1438 3012 1507 si

863 1583 902 1621 «
941 1550 1232 1625 dixisset
1264 1553 1708 1625 voluntatem
1736 1577 2024 1624 causam
2050 1577 2203 1624 esse
2230 1551 2521 1641 mundi,
2553 1576 2703 1623 non
2730 1548 2803 1623 id
2828 1567 3013 1625 esset

861 1700 898 1739 α
942 1694 1423 1767 consequens;
1466 1668 1799 1767 quaelibet
1846 1670 2040 1741 enim
2089 1668 2454 1760 voluntas,
2511 1669 2585 1741 id
2618 1694 2770 1741 esse
2812 1671 3010 1744 vide-

860 1818 897 1859 «
935 1803 1159 1878 retur,
1191 1787 1392 1885 quod
1410 1811 1562 1858 non
1583 1785 1933 1887 procedit.
1969 1814 2005 1854 »
2035 1790 2263 1884 Atque
2280 1786 2398 1858 hic
2425 1787 2711 1857 Otricus
2740 1812 2757 1855 ε
2796 1815 2831 1855 t(
2862 1788 2936 1857 Si
2972 1816 3007 1855 >2

857 1907 1088 2005 inquit
1122 1936 1159 1977 t<
1195 1906 1328 1977 Dei
1368 1904 1815 1980 voluntatem
1858 1928 2147 1977 causam
2190 1903 2463 1975 conditi
2505 1903 2761 1975 mundi
2784 2002 2789 2006 ἱ
2810 1902 3016 1977 dixis·
3110 1980 3113 1983 ,

815 2032 820 2037 “
861 2052 898 2093 ι(
937 2037 1046 2094 set
1059 2075 1080 2114 ,
1119 2021 1408 2093 brevius
1430 2020 1725 2119 quidem
1748 2034 1823 2092 et
1848 2018 2276 2093 sufficienter
2302 2018 2577 2091 dictum
2604 2018 2809 2109 foret,
2846 2045 3014 2092 cum

861 2170 898 2209 «
939 2164 1340 2237 numquam
1365 2138 1500 2210 nisi
1535 2138 1730 2209 bona
1761 2137 1968 2209 fuerit
2018 2138 2151 2208 Dei
2198 2136 2555 2210 voluntaS.
2612 2140 2771 2209 Non
2820 2137 3013 2209 enim

863 2286 900 2327 «
943 2272 1052 2339 cst
1071 2258 1198 2355 qui
1223 2254 1490 2327 abnuat
1510 2254 1781 2326 bonam
1812 2278 1962 2326 esse
1986 2255 2120 2326 Dei
2146 2252 2617 2325 voluntatem.
2661 2282 2696 2321 »
2725 2258 2815 2325 Et
2842 2258 3015 2327 Ger-

858 2373 1104 2447 bertus
1140 2401 1159 2443 z
1207 2403 1242 2441 t<
1288 2378 1368 2443 In
1407 2372 1553 2444 hoc
1595 2401 1631 2439 »
1674 2372 1906 2469 in'quit
1941 2400 1978 2440 «
2024 2370 2308 2469 'penitus
2360 2394 2511 2441 non
2566 2372 3005 2444 contradico,

863 2520 900 2558 «
943 2490 1086 2561 Sed
1107 2488 1305 2581 vide3
1336 2490 1505 2587 quia
1541 2504 1827 2561 constat
1860 2494 2096 2562 Deum
2134 2487 2529 2560 substantia
2555 2488 3013 2564 solummodo

864 2635 900 2673 «
943 2603 1222 2677 honum
1241 2659 1261 2697 ,
1325 2604 1719 2702 quamlibet
1772 2630 1945 2678 vero
2002 2618 2403 2678 creaturam
2471 2607 3013 2706 participatione

865 2751 902 2790 «
943 2721 1250 2815 bonam,
1317 2721 1411 2796 ad
1455 2723 1608 2819 ejus
1651 2738 1921 2795 naturae
1968 2723 2381 2821 qualitatem
2428 2726 2971 2824 exprimendam
2989 2745 3032 2819 ,·

867 2869 903 2906 κ
945 2838 1140 2911 bona
1197 2838 1526 2912 additum
1567 2855 1674 2912 est
1691 2895 1711 2930 ,
1752 2840 1953 2938 quod
1986 2842 2064 2913 id
2092 2841 2244 2938 ejus
2273 2843 2648 2939 proprium
2692 2844 2817 2935 sit,
2862 2868 3014 2916 non

867 2981 904 3020 «
943 2953 1158 3024 etiam
1209 2952 1584 3049 cujuslibet
1633 2955 1993 3025 creaturae.
2060 2953 2377 3026 Tandem
2434 2955 2785 3054 quicquid¹
2838 2955 3015 3029 illud

865 3095 904 3136 «
945 3070 1067 3160 sit,
1121 3069 1198 3141 id
1247 3071 1403 3142 sine
1450 3070 1673 3144 dubio
1729 3086 2046 3162 constat,
2123 3097 2275 3144 non
2344 3068 2589 3144 omnia
2640 3099 3015 3148 causarum

866 3215 900 3254 «
943 3187 1241 3259 nomina
1287 3211 1432 3260 una
1469 3187 1784 3261 dictione
1829 3190 2131 3287 proferri
2167 3215 2400 3288 posse.
2438 3193 2614 3278 Quae
2652 3193 2845 3263 enim
2890 3193 3017 3264 tibi

867 3333 902 3369 «
944 3301 1214 3376 umbrae
1253 3329 1465 3377 causa
1509 3304 1833 3378 videtur?
1872 3330 1963 3378 an
2008 3307 2159 3379 haec
2188 3333 2336 3418 una
2372 3307 2683 3382 dictione
2719 3305 3013 3384 indicari

867 3449 904 3488 «
944 3419 1174 3493 valet?
1221 3448 1257 3487 n

1325 3583 1833 3650 mmm-Qua*
1868 3583 1987 3636 sit*
2018 3587 2227 3637 cauea*
2266 3585 2469 3639 umbre,
2493 3587 2545 3638 *.

967 3763 1004 3804 «
1045 3734 1187 3807 Sed
1241 3735 1405 3808 dico
1448 3735 1722 3808 umbrae
1768 3762 2055 3812 causam
2093 3764 2244 3811 esse
2293 3765 2556 3840 corpus
2580 3725 2740 3813 ¹luci
2778 3741 3018 3840 objec-

868 3879 903 3918 «
947 3866 1126 3923 tum.
1175 3856 1402 3950 Atque
1445 3853 1600 3926 haec
1647 3853 1935 3927 brevius
1984 3855 2184 3929 nullo
2223 3856 2446 3929 modo
2494 3858 2633 3929 dici
2680 3859 2887 3932 valet.
2941 3863 3015 3932 Si

872 3995 908 4034 «
952 3967 1147 4039 enim
1176 3993 1440 4069 corpus
1463 3970 1737 4043 umbrae
1766 3995 2052 4051 causam
2078 3972 2362 4065 dixeriS,
2397 3975 2607 4046 nimis
2630 4000 3016 4050 commune

870 4115 907 4154 «
950 4085 1327 4190 protulisti.
1363 4087 1580 4176 Quod
1613 4090 1672 4160 si
1696 4114 1961 4190 corpus
1980 4089 2343 4187 objectum
2374 4090 2705 4184 volueris,
2739 4093 2814 4164 id
2840 4119 3017 4192 quo—

937 4330 967 4360 *
1000 4349 1077 4382 uae
1096 4370 1111 4396 ,
1130 4331 1209 4383 ‘sit
1227 4371 1242 4398 ,
1276 4350 1306 4384 a
1323 4369 1338 4398 ,
1371 4333 1526 4384 uinbr
1559 4333 1770 4385 abscisa.
