3459 5375
895 579 976 636 30
1581 573 1911 635 Rlcnssm
1958 574 2105 635 LIB.
2156 574 2273 634 111.

897 737 934 774 «
976 730 1115 803 que
1151 704 1334 776 illius
1371 705 1656 802 propria
1672 759 1690 795 ‚
1746 718 1976 776 vestra
2024 704 2336 775 similiter
2380 704 2789 777 auctoritate
2840 729 3007 774 con-

901 854 936 889 «
981 822 1320 893 sinuetur.
1379 848 1411 885 >›

1837 961 2068 1013 xxvn.

992 1105 1099 1178 Ad
1131 1104 1282 1176 haec
1317 1103 1627 1175 domnus
1662 1104 1847 1203 pap'a
1896 1136 1917 1173 2
1960 1134 1995 1171 c<
2038 1108 2171 1176 Res
2212 1132 2249 1171 »
2298 1105 2525 1202 inquit
2564 1132 2599 1172 «
2642 1104 2890 1175 domni
2932 1128 3012 1175 ac

901 1252 935 1290 t<
976 1222 1259 1321 patroni
1304 1222 1530 1292 nostri
1559 1220 1578 1257 ⁴
1629 1222 1958 1317 Remigii,
2017 1220 2242 1291 nostri
2284 1206 2713 1319 apostolatus
2748 1235 3018 1292 senten-

901 1370 935 1405 «
981 1339 1075 1409 tia
1117 1336 1407 1409 stabiliri
1448 1351 1775 1434 tutasque
1808 1338 1882 1407 in
1924 1353 2344 1435 perpetuum
2380 1335 2563 1427 fieri,
2609 1338 2780 1432 quin
2806 1336 3015 1407 etiam

903 1484 936 1521 «
981 1453 1072 1525 de
1118 1468 1245 1525 tuo
1290 1451 1630 1551 quicquid
1671 1452 1902 1550 placet
1936 1452 2104 1524 addi
2122 1507 2141 1543 ,
2181 1452 2633 1525 libentissime
2666 1452 3009 1525 concedo,

902 1599 934 1636 «
980 1571 1253 1666 Scripto
1309 1569 1521 1639 etiam
1567 1568 1640 1638 id
1685 1568 2009 1639 roborari
2053 1594 2201 1640 non
2250 1570 2481 1640 solum
2523 1593 2682 1639 mea
2700 1622 2719 1658 ,
2778 1570 2903 1641 sed
2947 1585 3019 1642 et

899 1722 938 1757 «
979 1691 1242 1761 horum
1275 1690 1400 1786 qui
1448 1687 1708 1760 adsunt
1757 1690 2255 1787 episcoporum
2306 1690 2718 1761 auctoritate
2770 1694 3021 1761 consti-

904 1838 938 1876 «
981 1822 1130 1877 tu0.
1187 1834 1222 1873 »
1273 1809 1579 1902 Moxque
1635 1806 1975 1903 scriptum
2026 1808 2111 1877 iri
2147 1806 2383 1901 jussit,
2426 1828 2811 1902 coramque
2854 1806 3019 1876 scri—

899 1940 1104 2021 ptum
1138 1922 1273 2018 legi
1317 1922 1668 2019 praecepit.

1827 2064 2087 2115 XXVIII.

995 2188 1209 2283 Cujus
1247 2203 1474 2261 textus
1507 2188 1919 2283 hujusmodi
1952 2202 2099 2259 est:
2150 2216 2183 2254 «
2228 2189 2585 2261 Johannes
2612 2212 2853 2260 servus
2888 2214 3022 2259 sev·

900 2334 940 2369 ((
981 2328 1233 2373 vorum
1272 2303 1675 2373 Dei²...*....
1731 2332 1767 2367 n

1860 2495 2065 2547 XXIX.

999 2619 1214 2708 Quod
1262 2622 1337 2692 in
1372 2618 1660 2691 auribus
1708 2620 2034 2691 omnium
2085 2622 2209 2717 qui
2251 2619 2544 2693 aderant
2587 2622 2969 2720 perlectum
2992 2679 3011 2714 ‚

823 2723 830 2728 ⁶
902 2737 1108 2834 sigilli
1153 2738 1261 2809 sui
1315 2752 1486 2808 nota
1545 2737 1903 2833 insignivit
1924 2791 1943 2827 ,
2015 2751 2226 2833 atque
2291 2737 2634 2836 episcopis
2685 2738 3021 2810 roboran-

903 2853 1082 2923 dum
1129 2853 1464 2950 porrexit.
1522 2851 1797 2940 Quibus
1852 2853 2093 2949 gestis,
2144 2854 2723 2952 metropolitanus
2773 2855 3020 2926 domni

903 2993 1105 3066 papae
1164 2982 1375 3065 atque
1429 2968 1930 3066 episcoporum
1988 2969 2266 3041 licentia
2328 2969 2674 3067 digressus
2692 3025 2713 3062 ,
2782 2971 3021 3043 Galliis

908 3109 1060 3155 sese
1093 3073 1388 3183 recepit,
1447 3083 1859 3182 directoque
1898 3086 2144 3158 itinere
2189 3088 2413 3158 sancti
2456 3087 2767 3186 praedicti
2802 3087 3025 3186 sepul·

906 3199 1160 3282 chrum
1200 3198 1498 3272 devotus
1539 3202 1739 3298 petiit
1756 3255 1775 3291 ‚
1824 3202 2029 3298 eique
2068 3204 2142 3274 in
2177 3203 2471 3300 collegio
2510 3202 3025 3276 monachorum

909 3314 1352 3413 privilegium
1409 3317 1749 3416 scriptum
1810 3318 2085 3416 legavit.
2150 3321 2477 3392 Monachi
2546 3321 2793 3392 datum
2853 3320 3027 3391 exci-

913 3432 1214 3528 pientes,
1257 3433 1545 3504 archivo
1581 3433 2007 3506 servandum
2048 3435 2419 3527 mandant,
2466 3431 2860 3534 gratiasque
2892 3459 3023 3532 pro

913 3563 1102 3620 tanta
1145 3547 1556 3620 liberalitate
1592 3549 1925 3624 decenter
1959 3551 2387 3649 impertiunt.

983 3869 1005 3900 ⁸
1042 3869 1342 3930 membrana,
1372 3873 1451 3920 cui
1484 3871 1653 3921 charta
1677 3871 1908 3942 inscripta
1949 3885 2085 3931 erat,
2118 3875 2225 3941 jam
2257 3871 2471 3931 excidim-
2508 3871 2836 3944 apographum
2864 3887 3028 3925 extare

915 3953 1076 4004 scr-ibit
1099 3953 1230 4003 Guil.
1251 3953 1434 4004 Meu-lot
1451 3956 1501 4004 in
1525 3956 1743 4004 He'storia
1761 3953 2032 4026 metropolis
2048 3957 2283 4008 Remea-sis
2300 3961 2371 4007 II.
2400 3957 2451 4008 2.
2472 3955 2560 4006 sed
2579 3955 2640 4007 ob
2666 3975 2843 4008 annum
2857 3961 3029 4029 pomi-

900 4035 1118 4104 ficaeus,
1146 4039 1228 4109 qui
1251 4037 1475 4088 scribitur
1495 4052 1718 4099 octavus,
1750 4052 2031 4109 suspectum.
