3459 5375
773 557 854 618 46
1481 556 1815 618 RICHElu
1860 556 2009 619 LIB.
2060 554 2179 614 111.

1205 740 1408 795 XLIII.
1435 771 1509 783 —-
1530 741 1801 795 Adventus
1826 741 2069 795 Ger-berti
2092 743 2149 794 in
2176 740 2403 794 Galliam
2419 740 2471 793 *.

861 909 993 981 Cui
1015 910 1242 987 <etiam
1279 935 1445 982 cum
1481 910 1675 1009 apud
1718 934 1871 982 sese
1912 935 2126 1008 super
2176 910 2319 982 hoc
2365 908 2602 1007 aliqua
2654 904 2915 982 delibe-

685 1063 690 1070 ·
767 1041 982 1117 raret,
1039 1028 1130 1099 ab
1167 1028 1319 1128 ipsa
1344 1028 1727 1099 Divinitate
1768 1026 2075 1099 directus
2111 1042 2216 1099 est
2262 1024 2648 1099 Gerbertus
2674 1027 2729 1119 ⁴,
2761 1050 2914 1100 ma-

766 1142 889 1238 gni
925 1142 1190 1240 ingenii
1227 1168 1310 1217 ac
1357 1144 1518 1214 miri
1569 1142 1836 1241 eloquii
1887 1144 2020 1236 vir,
2070 1168 2217 1241 quo
2254 1143 2719 1242 postmodum
2765 1158 2912 1216 tota

766 1258 994 1330 Gallia
1008 1312 1027 1349 ,
1072 1260 1215 1331 acsi
1241 1259 1533 1332 lucerna
1577 1258 1897 1347 ardente,
1946 1257 2394 1331 vibrabunda
2427 1258 2717 1332 refulsit.
2772 1260 2917 1347 Qui

767 1377 1158 1471 Aquitanus
1208 1401 1491 1473 genere,
1547 1376 1622 1446 in
1669 1374 2001 1453 coenobio
2040 1374 2265 1447 sancti
2298 1374 2721 1447 confessoris
2777 1378 2917 1449 Ge·

768 1489 956 1561 roldi
1006 1516 1049 1562 a
1101 1513 1329 1589 puero
1377 1491 1584 1563 alitus
1603 1546 1622 1583 ,
1676 1507 1749 1563 et
1808 1492 2264 1589 grammatica
2308 1490 2604 1564 edoctus
2651 1505 2778 1564 est.
2829 1497 2911 1564 In

771 1632 919 1704 quo
955 1621 1212 1705 utpote
1259 1606 1672 1680 adolescens
1712 1632 1880 1679 cum
1945 1604 2183 1678 adhuc
2240 1608 2551 1681 intentus
2604 1632 2915 1681 morare-

766 1739 906 1815 tur,
941 1723 1363 1814 Borrellum,
1397 1725 1743 1811 citerioris
1768 1723 2120 1823 Hispaniae
2147 1722 2433 1815 ducem,
2463 1725 2720 1797 orandi
2756 1748 2913 1823 gra-

769 1840 864 1911 tia
899 1838 992 1911 ad
1028 1839 1223 1911 idem
1259 1838 1671 1912 coenobium
1719 1840 2016 1938 contigit
2058 1840 2450 1912 devenisse.
2502 1826 2645 1929 Qui
2692 1860 2736 1911 a
2777 1839 2917 1913 loci

767 1953 1023 2027 abbate
1064 1956 1578 2029 humanissime
1627 1971 1960 2057 exceptus
1982 2010 2003 2049 ,
2044 1972 2209 2057 post
2247 1981 2620 2041 sermones
2662 1938 2918 2055 quotli-

767 2072 892 2145 bet
913 2072 940 2110 ²
953 2128 972 2165 ,
995 2098 1087 2145 an
1114 2074 1190 2144 in
1215 2074 1488 2146 artibus
1507 2074 1799 2173 perfecti
1818 2073 1893 2145 in
1915 2074 2268 2173 Hispaniis
2292 2072 2715 2163 habeantur,
2755 2074 2916 2147 scis·

767 2190 1044 2262 citatur.
1093 2189 1309 2277 Quod
1334 2215 1501 2263 cum
1527 2180 2055 2290 promptissime
2094 2206 2464 2282 assereret,
2502 2190 2568 2263 ei
2604 2174 2772 2263 mort
2823 2192 2915 2263 ab

768 2305 1023 2379 abbate
1065 2332 1484 2406 persuasum
1532 2292 1652 2380 est·
1696 2323 1775 2379 ut
1798 2332 2115 2379 ‘suorum
2156 2307 2467 2406 aliquem
2500 2310 2908 2408 susciperet,

767 2426 1241 2522 secumquein
1265 2425 1533 2497 artibus
1556 2425 1969 2497 docendum
1992 2426 2305 2499 duceret.
2331 2430 2495 2498 Dux
2505 2427 2742 2524 itaque
2764 2451 2913 2499 non

767 2540 1088 2613 abnuens
1107 2595 1127 2631 ,
1167 2543 1438 2641 petenti
1473 2541 1875 2614 liberaliter-
1886 2543 2080 2634 favit,
2115 2568 2199 2615 ac
2232 2544 2529 2616 fratrum
2562 2568 2913 2616 consensu

767 2656 1195 2731 Gerbertum
1242 2674 1688 2759 assumptum
1728 2659 1953 2750 duxit,
2000 2676 2213 2760 atque
2249 2662 2539 2766 Hattoni
2575 2656 2911 2761 episcopo
2942 2672 2951 2683 '

769 2777 1270 2850 instruendum
1308 2778 1688 2849 commisit.
1735 2776 1943 2877 Apud
1987 2804 2206 2876 quem
2258 2780 2471 2851 etiam
2506 2780 2587 2850 in'
2618 2779 2915 2851 mathesi

765 2892 1158 2993 plurimum
1216 2910 1288 2967 et
1346 2881 1726 2967 efficaciter
1777 2895 2071 2968 studuit.
2135 2895 2276 2968 Sed
2333 2921 2500 2968 cum
2568 2895 2913 2968 Divinitas

767 3009 1070 3084 Galliam
1111 3011 1263 3108 jam
1311 3011 1731 3110 caligantem
1790 3014 2052 3110 magno
2102 3012 2371 3085 lumine
2423 3012 2737 3085 relucere
2790 3037 2916 3112 vo-

764 3126 931 3218 luit,
991 3127 1342 3226 praedictis
1395 3129 1562 3201 duci
1607 3144 1679 3202 et
1740 3130 2079 3232 episcopo
2140 3145 2455 3204 mentem
2520 3129 2719 3202 dedit
2742 3183 2761 3220 ,
2835 3146 2915 3202 ut

770 3248 1068 3316 Romam
1118 3247 1387 3319 oraturi
1427 3262 1774 3346 peterent.
1832 3248 2239 3346 Paratisque
2275 3247 2687 3319 necessariis
2706 3301 2725 3338 ,
2779 3247 2913 3318 iter

765 3377 1100 3460 carpunt,
1162 3387 1248 3458 ac
1299 3361 1826 3436 adolescentem
1875 3365 2340 3436 commissum
2387 3387 2645 3456 secum·
2694 3361 2914 3434 dedu-

765 3493 961 3549 cunt.
1017 3479 1194 3551 lnde
1247 3478 1514 3551 Urbem
1559 3479 1876 3577 ingressi,
1918 3496 2082 3580 post
2115 3505 2379 3580 praeces
2413 3493 2580 3552 ante
2630 3495 2911 3552 sanctos

763 3594 1123 3692 apostolos
1180 3595 1459 3688 effiisaS,
1510 3595 1735 3668 beatae
1776 3597 2289 3670 recordationis
2343 3621 2629 3696 papam.
2648 3653 2663 3666 .
2680 3651 2693 3666 .
2712 3651 2727 3666 .
2794 3593 2912 3667 ad-

763 3725 961 3802 eum,
1003 3736 1088 3783 ac
1123 3736 1274 3784 sese
1319 3713 1384 3784 ei
1428 3712 1746 3787 indicant
1769 3767 1789 3807 ,
1831 3713 2172 3813 quodque
2216 3699 2449 3788 visum
2490 3727 2596 3786 est
2640 3709 2731 3784 de
2776 3733 2907 3798 suo

755 3826 1269 3921 jocundissime
1319 3830 1761 3930 impertiunt.

831 4083 865 4116 ¹¹*
895 4083 1122 4137 Galliam
1143 4083 1400 4135 abscisum.

836 4168 854 4199 ¹
893 4178 970 4239 3¹¹⁸
985 4207 1000 4222 .
1028 4167 1204 4220 codex.

832 4253 856 4284 ¹
891 4265 1100 4306 mutuos
1126 4272 1252 4306 corr.
1278 4253 1553 4323 quotlibet.
