3459 5375
935 545 1054 606 248
1663 504 1997 606 Rlcnssm
2040 543 2190 604 Lm.
2242 545 2349 605 w.

927 677 1162 769 batur,
1193 679 1563 776 scelusque
1595 701 1749 756 non
1774 676 2051 774 tegebat
2068 731 2088 766 ,
2119 678 2301 750 sicut
2334 676 2667 774 gradibus
2686 697 3061 777 provectus

929 795 1092 888 fuit,
1146 796 1244 866 ita
1277 793 1610 897 gradibus
1663 792 2165 890 deponeretur.
2221 793 2481 864 Suasus
2522 819 2692 892 ergo
2706 849 2726 886 ,
2784 797 3060 894 regibus

931 938 1090 1010 quae
1115 911 1208 984 ab
1233 913 1333 985 eis
1358 924 1726 1009 acceperat
1760 908 2100 1000 reddidit,
2129 908 2595 982 sacerdotales
2620 935 2790 982 vero
2814 912 3063 985 infidas

931 1030 1284 1129 episcopis
1309 1029 1462 1101 sine
1482 1052 1686 1102 mora
1711 1026 1990 1098 laxavit.
2025 1031 2499 1123 Interrogatus
2516 1027 2729 1098 etiam
2749 1053 2843 1099 an
2870 1027 3063 1100 abdi-

931 1147 1232 1220 cationis
1263 1161 1337 1218 et
1376 1143 1656 1243 repudii
1688 1142 2009 1215 libellum
2042 1142 2336 1234 faceret«,
2377 1142 2470 1215 ad
2508 1157 2757 1216 votum
2792 1146 3061 1244 episco-

930 1285 1195 1360 porum
1251 1260 1497 1334 omnia
1541 1283 1694 1332 sese
1750 1258 2101 1332 facturum
2158 1259 2547 1358 respondit.
2602 1265 2692 1332 Et
2745 1261 3059 1334 libellum

931 1399 1104 1448 mox
1145 1376 1486 1474 scriptum
1529 1390 1600 1446 et
1648 1373 2002 1466 oblatum,
2046 1399 2291 1448 coram
2326 1374 2660 1473 regibus
2640 1401 2715 1450 m
2754 1379 3057 1498 concilio

921 1491 1134 1602 legit,
1173 1505 1386 1589 atque
1419 1490 1852 1589 subscripsit.

1265 1761 1275 1769 ,
1339 1707 1658 1762 Lxx11.-
1679 1708 1878 1762 Textus
1899 1697 2063 1761 libelli
2094 1707 2303 1780 repudii
2324 1708 2357 1744 ⁸*
2386 1709 2615 1762 Amulfl.

1025 1858 1281 1926 Textus
1302 1867 1542 1926 autem
1565 1796 1783 1925 libelli
1808 1823 2224 1950 hujusmodi
2243 1869 2423 1926 erat·
2452 1883 2488 1922 «
2514 1859 2665 1952 Ego
2700 1853 3048 1946 Amulfus,

931 2001 967 2038 α
1011 1971 1231 2068 gratia
1265 1969 1398 2041 Dei
1437 1972 1824 2040 Remorum
1858 1969 2227 2067 quondam
2262 1961 2637 2071 episcopus
2651 2023 2673 2060 ,
2712 1993 3053 2066 recogno-

935 2117 972 2154 «
1015 2111 1217 2158 scens
1291 2085 1733 2184 fragilitatem
1794 2111 2029 2158 meam
2093 2093 2177 2158 e't-
2224 2087 2547 2185 pondera
2605 2103 3054 2186 peccatorum

931 2233 969 2274 «
1014 2229 1377 2294 meorum,
1400 2217 1625 2276 'testes
1661 2205 2098 2276 confessores
2141 2229 2342 2275 meos
2384 2205 2751 2302 Siguinum
2790 2197 3054 2276 archie-

933 2351 970 2391 κ
1010 2323 1388 2420 piscopuui
1405 2373 1432 2411 ‚³
1495 2319 1911 2392 Daibertu‘m
1984 2319 2595 2420 archiepiscopum
2611 2375 2631 2413 ‚
2691 2321 3054 2394 Arnulfum

933 2469 969 2507 κ
1013 2439 1428 2538 episcopum
1442 2491 1462 2528 ,
1529 2418 2115 2511 Godesniannum
2171 2439 2584 2538 episcopum
2600 2495 2621 2532 ‚
2679 2439 3057 2512 Heriveum

931 2585 966 2624 α
1009 2555 1464 2662 episcopum,
1492 2554 1945 2636 Ratbodum
1967 2557 2380 2656 episcopum
2394 2609 2413 2646 ‚
2468 2557 2861 2631 Walterum
2911 2559 3054 2655 epi-

929 2702 966 2757 g<
1009 2696 1344 2785 εοοΡιιιιι,
1369 2661 1779 2753 Brunonem
1793 2672 2232 2773 episcopum,
2258 2672 2597 2748 Milonem
2613 2675 3050 2774 episcopum,

932 2820 968 2863 «
1013 2788 1534 2863 Adalberonem
1559 2790 2008 2890 episcopum,
2052 2788 2386 2866 Odoneth
2413 2791 2870 2899 episcopum,
2909 2790 3057 2861 Wi-

931 2936 968 2974 «
1010 2904 1278 2987 donem
1295 2906 1747 3005 episcopum,
1779 2906 2227 2979 Heribertum
2254 2908 2704 3013 episcopum,
2724 2900 3057 2979 constitui

930 3052 967 3091 c<
1011 3008 1188 3093 mihi
1233 3019 1510 3119 judices
1558 3021 1982 3094 delictorum
2032 3048 2405 3114 meorum,
2466 3038 2539 3095 et
2586 3048 2849 3122 puram
2892 3024 3057 3125 ipsis

929 3168 970 3211 «
1009 3139 1531 3219 confessionem
1592 3138 1761 3219 dedi
1776 3192 1802 3229 ,
1858 3164 2180 3237 quaerens
2248 3138 2645 3221 remedium
2690 3138 3056 3238 penitendi
3095 3182 3103 3194 ·

931 3283 966 3323 «
1010 3269 1082 3328 et
1129 3254 1428 3328 salutem
1481 3254 1733 3326 animae
1772 3280 1948 3327 meae
1962 3309 1981 3346 ,
2032 3271 2112 3328 ut
2152 3240 2559 3330 recederem
2582 3255 2676 3327 ab
2714 3254 2954 3327 officio
2990 3270 3057 3327 et

928 3399 966 3438 «
1010 3369 1401 3443 ministerio
1447 3370 1837 3469 pontificali
1850 3426 1870 3462 ,
1922 3396 2068 3471 quo
2118 3398 2237 3445 me
2279 3364 2713 3471 recognosco
2755 3398 2909 3444 esse
2956 3374 3056 3475 in-

929 3516 966 3554 «
1008 3486 1333 3584 dignum,
1361 3501 1435 3559 et
1467 3486 1779 3561 alienum
1804 3514 1920 3562 me
1946 3488 2254 3583 reddens
2275 3514 2408 3589 pro
2435 3488 2745 3561 reatibus
2769 3490 2949 3561 meis
2982 3491 3051 3561 in

927 3630 968 3673 «
1005 3602 1264 3699 quibus
1301 3627 1630 3701 peccasse
1664 3620 1935 3677 secreto
1980 3606 2145 3705 ipsis
2176 3606 2193 3643 ⁴
2232 3588 2595 3707 confessus·
2622 3632 2781 3679 sum
2799 3661 2829 3698 ,Ι
2860 3621 2933 3678 et
2964 3605 3053 3678 de

927 3744 968 3784 κ·
1006 3718 1264 3814 quibus
1309 3718 1594 3817 publice
1647 3720 1991 3818 arguebar
2004 3777 2022 3814 ,
2078 3746 2171 3795 eo
2212 3722 2477 3803 scilicet
2525 3723 2747 3813 modo
2799 3737 2878 3794 ut
2926 3722 3052 3822 ipsi

928 3862 963 3901 κ
1007 3834 1148 3905 sint
1205 3828 1414 3907 testes
1428 3890 1448 3927 ‚
1504 3851 1574 3908 et
1628 3852 2054 3943 potestatem
2107 3828 2417 3912 habeant
2462 3838 2931 3912 substituendi
2987 3856 3053 3915 et

927 3978 962 4019 «
1005 3951 1474 4025 consecrandi
1517 3953 1737 4060 alium
1776 3954 1853 4029 in
1896 3954 2063 4030 loco
2100 3982 2263 4031 meo
2287 4010 2307 4047 ‚
2348 3958 2472 4055 qui
2514 3956 2725 4055 digne
2760 3983 3053 4057 praeesse

989 4180 1020 4215 ⁴¹
1059 4199 1189 4255 repu
1224 4185 1356 4238 absc.

995 4265 1012 4295 ¹
1053 4266 1150 4337 ipsi
1173 4268 1283 4320 cod.
