3459 5375
815 758 1536 909 RIGHERI
1663 760 2879 905 HISTORIARUM

1299 1072 1648 1164 LIBRI
1744 1069 2389 1178 QUATUOR.

1335 1532 1674 1623 LIBER
1771 1531 2282 1621 TERTIUS.

1705 1771 1919 1786 ῳ

1801 1916 1849 1965 Ῑ.

853 2048 1183 2117 Pulueris
1251 2058 1488 2117 autem
1559 2042 1873 2141 exequiis
1902 2096 1923 2133 ‚
1981 2040 2341 2139 Gerberga
2402 2042 2641 2139 regina
2704 2042 2887 2142 lega-

745 2177 856 2234 tos
897 2160 1136 2259 dirigit
1191 2160 1520 2234 iratribus
1563 2162 1706 2232 suis
1723 2214 1745 2251 ,
1802 2159 2055 2233 Ottoni
2110 2161 2257 2258 regi
2322 2184 2406 2233 ac
2440 2161 2759 2233 Brunoni
2798 2184 2881 2235 ex

741 2277 1038 2378 praesule
1104 2276 1314 2369 duci;
1393 2300 1678 2349 necnon
1737 2292 1815 2349 et
1874 2278 2159 2375 Hugoni
2218 2275 2608 2351 Galliarum
2668 2278 2873 2370 duci;

738 2407 988 2492 petens
1038 2416 1172 2492 per
1220 2416 1346 2465 eos
1365 2444 1388 2485 ‚
1441 2392 1857 2465 Lotharium
1904 2392 2132 2465 filium
2188 2418 2399 2467 suum
2452 2394 2531 2467 in
2578 2418 2877 2494 regnum

737 2510 922 2608 patri
955 2509 1292 2583 defuncto
1327 2508 1731 2583 succedere.
1776 2510 2181 2584 Adveniunt
2210 2512 2451 2609 itaque
2482 2510 2577 2583 ab
2610 2515 2877 2586 Ottone

737 2652 904 2726 rege
938 2650 1190 2700 omnes
1231 2650 1320 2700 ex
1355 2626 1654 2726 Belgica,
1696 2627 1881 2702 duce
1916 2630 2278 2719 Brunone,
2318 2628 2675 2729 principes
2688 2683 2711 2724 ‚
2748 2630 2875 2704 sed

736 2759 808 2818 et
849 2769 938 2818 ex
974 2744 1356 2834 Germania
1405 2743 1646 2842 aliqui.
1721 2744 1938 2818 Adest
1984 2745 2217 2820 etiam.
2236 2749 2443 2844 Hugo
2486 2731 2874 2822 Galliarum

733 2860 904 2934 dux.
952 2862 1406 2934 Conveniunt
1446 2885 1738 2960 quoque
1784 2861 2208 2959 Burgundiae
2232 2877 2305 2935 et
2348 2862 2734 2961 Aquitaniae
2766 2865 2871 2936 si-

728 2971 1024 3069 mulque
1060 2987 1134 3044 et
1175 2971 1453 3044 Gothiae
1493 2971 1874 3071 principes.
1930 2972 2265 3071 Episcopi
2311 2973 2525 3045 etiam
2559 2998 2602 3046 e
2634 2973 2869 3047 diver·

729 3088 823 3160 sis
857 3090 1232 3186 regionum
1267 3087 1562 3161 urbibus
1595 3088 2057 3160 conveniunt.
2118 3092 2346 3186 Atque
2386 3089 2465 3160 hi
2500 3113 2753 3164 omnes
2790 3092 2863 3162 in

728 3205 982 3278 urbem
1022 3208 1408 3278 Remorum
1442 3204 1638 3304 apud
1675 3203 2113 3303 Gerbergam
2149 3207 2468 3306 reginam
2498 3209 2656 3306 pari
2690 3223 2862 3282 voto

725 3322 1002 3396 collecti
1045 3338 1234 3396 sunt.
1285 3323 1632 3394 Omnium
1665 3321 1749 3394 fit
1782 3347 2215 3416 consensus;
2257 3323 2593 3398 omnibus
2619 3325 2859 3399 animo

721 3446 906 3518 inest
921 3499 942 3538 ‚
991 3444 1403 3518 Lotharium
1443 3445 1628 3545 patri
1662 3444 2003 3518 defimcto
2038 3445 2445 3520 succedere.

1735 3747 1813 3798 11.

813 3881 1319 3953 Universorum
1376 3881 1614 3978 itaque
1665 3903 2017 3953 consensu
2046 3935 2065 3971 ,
2130 3905 2173 3951 a
2226 3879 2500 3952 domno
2552 3879 2848 3952 Artoldo

709 4001 1094 4071 Remorum
1121 3995 1674 4096 metropolitano
1694 4051 1714 4088 ‚
1759 3996 2036 4070 favente
2069 4001 2405 4068 Brunone
2435 3995 2589 4093 ejus
2622 4020 2845 4069 avun-

702 4115 864 4188 culo
879 4169 900 4208 ,
941 4113 1522 4216 principibusque
1547 4113 1987 4187 diversarum
2012 4113 2329 4210 gentium
2350 4111 2836 4204 laudantibuS‚

695 4231 1068 4336 Lotharius
1129 4229 1533 4306 duodennis
1593 4255 1716 4354 rex
1773 4245 2050 4304 creatur
2114 4231 2186 4302 in
2242 4229 2531 4304 basilica
2618 4233 2839 4306 sancti
