3459 5375
789 604 866 663 12
1505 601 1841 665 RICHERI
1882 602 2035 663 ΜΒ.
2088 603 2208 667 111.

783 733 1094 806 dominae
1163 734 1714 809 ferventissimus
1784 736 2035 810 tendit.
2118 740 2445 835 Eumque
2516 740 2867 836 ingressus
2892 798 2915 835 ,

781 866 1082 924 matrem
1138 876 1306 923 cum
1355 852 1642 926 duobus
1685 855 1870 926 natis
1922 853 2492 953 comprehendit.
2565 855 2696 926 Alii
2750 882 2921 929 vero

781 970 1218 1043 ornamentis
1261 971 1706 1070 asportandis
1742 970 2182 1045 insistebant.
2240 970 2803 1070 comprehendit
2854 988 2924 1046 et

781 1086 1036 1157 milites
1087 1084 1579 1187 oppidumque
1631 1085 2023 1161 succendit.
2074 1090 2240 1175 Quo
2280 1084 2658 1160 combusto
2681 1142 2703 1180 ,
2755 1114 2924 1161 cum

779 1202 1078 1276 domina
1111 1219 1184 1278 et
1215 1206 1398 1277 natis
1411 1259 1434 1298 ,
1481 1204 1965 1302 militibusque
2004 1190 2540 1304 comprehensis
2553 1258 2577 1298 ,
2625 1204 2720 1278 ad
2751 1207 2926 1304 regi-

778 1344 950 1393 nam
983 1320 1420 1422 Gerbergam
1457 1346 1781 1397 reversus
1822 1336 1953 1396 est.

1819 1494 1893 1548 X.

874 1620 1094 1709 Quod
1129 1625 1534 1720 Ragenerus
1556 1623 2003 1723 comperiens
2017 1676 2041 1716 ,
2082 1638 2281 1695 tanta
2313 1624 2733 1697 necessitate
2758 1623 2926 1698 duo-

777 1752 892 1811 tus
909 1793 930 1832 ,
983 1730 1398 1813 Brunoriem
1414 1795 1436 1832 ,
1479 1738 1773 1813 fratoem
1808 1740 2068 1839 reginae
2086 1794 2109 1833 ,
2138 1738 2453 1839 postulat
2468 1794 2490 1831 ‚
2524 1754 2607 1812 ut
2648 1755 2926 1814 mature

777 1852 1222 1952 colloquium
1269 1880 1418 1954 quo
1462 1854 1712 1952 jubeat
1760 1858 2005 1955 regina
2045 1856 2543 1948 constituatur,
2602 1853 2729 1928 ubi
2778 1856 2929 1955 ipse

780 1995 1076 2044 uxorem
1140 1986 1212 2044 et
1277 1986 1486 2044 natos
1528 1972 1829 2072 recipiat
1886 1987 1957 2045 et
2015 1973 2257 2070 regina
2314 1970 2501 2045 aedes
2548 1987 2622 2045 et
2664 1972 2929 2071 praedia

777 2104 1113 2162 resumat.
1153 2088 1373 2177 Quod
1402 2088 1618 2171 etiam
1638 2102 1904 2161 statuto
1930 2103 2256 2187 tempore
2280 2088 2545 2161 factum
2572 2104 2703 2162 est.
2748 2092 2929 2162 Nam

775 2208 1034 2282 habitis
1083 2210 1440 2307 utrimque
1483 2208 1879 2283 rationibus
1893 2263 1914 2302 ,
1967 2211 2212 2308 regina
2258 2233 2303 2283 a
2338 2210 2624 2284 tiranno
2665 2208 2929 2311 praedia

777 2332 1044 2432 recepit
1057 2384 1080 2423 ,
1129 2346 1202 2403 et
1229 2330 1382 2430 ipse
1419 2354 1720 2405 uxorem
1756 2345 1829 2404 et
1861 2347 2069 2405 natos
2082 2386 2103 2425 ‚
2130 2330 2531 2430 militesque
2560 2330 2841 2405 reduxit
2864 2333 2883 2369 ⁴
2902 2386 2919 2405 .

1790 2488 1893 2543 xl.

877 2618 1002 2690 His
1047 2619 1143 2690 ita
1203 2617 1412 2716 gestis
1431 2672 1453 2710 ,
1518 2618 1871 2692 Robertus
1926 2622 2307 2692 Trecarum
2362 2618 2695 2718 princeps
2708 2672 2729 2711 ,
2792 2622 2929 2692 He-

779 2737 1022 2809 riberti
1076 2737 1340 2809 tiranni
1395 2735 1583 2809 filius
1605 2794 1626 2829 ,
1691 2737 2015 2835 Hugonis
2042 2822 2046 2826 ι
2071 2761 2244 2809 vero
2307 2735 2613 2808 abdicati
2672 2737 2919 2830 frater,

779 2853 1116 2926 Lothario
1157 2855 1308 2950 regi
1345 2855 1681 2951 injuriam
1717 2853 1856 2927 hac
1890 2869 2041 2926 arte
2087 2852 2376 2925 molitus
2412 2868 2541 2925 est.
2600 2855 2925 2925 Castrum

780 2971 1054 3069 regium
1107 2971 1310 3069 quod
1360 2971 1623 3043 Divion
1663 2970 1955 3062 dicitur,
2012 2995 2219 3042 secus
2258 2973 2603 3042 Oscaram
2648 2984 2925 3042 torren-

780 3095 925 3152 tem
953 3080 1359 3174 conditum,
1401 3081 1626 3154 multa
1659 3081 2047 3181 cupiditate
2085 3078 2397 3172 sitiebat,
2438 3104 2527 3153 eo
2564 3081 2764 3179 quod
2798 3105 2929 3180 per

779 3222 949 3269 eum
987 3199 1046 3269 si
1080 3198 1157 3269 id
1191 3197 1456 3271 habere
1488 3213 1766 3296 posset,
1820 3199 2168 3296 optimam
2196 3197 2616 3294 Burgundiae
2649 3211 2929 3296 partem

777 3313 873 3384 ad
909 3338 1124 3385 suum
1153 3315 1271 3410 jus
1305 3315 1607 3387 transire
1640 3339 1852 3415 posse
1885 3313 2381 3386 arbitrabatur.
2436 3313 2647 3386 Illum
2689 3314 2931 3414 itaque

778 3430 904 3529 qui
955 3445 1186 3502 castro
1248 3455 1546 3530 praeesse
1591 3429 1993 3522 videbatur,
2050 3430 2141 3503 de
2192 3431 2584 3528 transfiigio
2637 3432 2731 3504 ad
2776 3456 2929 3505 sese

777 3572 909 3647 per
954 3547 1217 3645 legatos
1267 3548 1677 3646 alloquitur,
1731 3547 2045 3647 plurima
2082 3546 2449 3646 spondens
2468 3601 2489 3640 ,
2548 3563 2623 3621 et
2656 3549 2927 3645 majora

777 3664 912 3736 sub
941 3664 1406 3762 jurejurando
1454 3665 1827 3765 pollicenS.
1875 3663 2085 3763 Apud
2133 3686 2373 3762 regem
2417 3689 2707 3764 quoque
2745 3664 2927 3737 mul-

779 3795 928 3852 tam
975 3807 1216 3853 rerum
1264 3783 1584 3881 inopiam
1639 3805 2003 3873 asserens,
2064 3782 2259 3880 apud
2304 3807 2457 3855 sese
2508 3805 2682 3854 vero
2730 3781 2926 3854 suffi-

779 3897 1046 3969 cientes
1097 3922 1276 4030 opes
1293 3951 1313 3988 ,
1375 3898 1644 3997 oppida
1699 3835 2094 3990 nonnulla,
2160 3896 2440 3996 aliaque
2500 3897 2929 3970 desiderabi-

779 4015 1002 4087 lium
982 4013 1282 4112 msignia
1305 4015 1923 4088 vehementissime
1948 4029 2373 4115 protestans
2420 4015 2671 4087 Tunc
2643 4017 2927 4111 juvenis

779 4157 1022 4205 rerum
1047 4131 1382 4232 cupidine
1405 4146 1652 4231 captus
1666 4186 1685 4220 ‚
1727 4153 1865 4231 pro
1896 4132 2282 4230 transfugio
2310 4131 2715 4207 mercedem
2740 4159 2927 4232 quae-

853 4375 870 4406 ¹
909 4377 1003 4426 11:¹0
1016 4414 1034 4439 ,
1060 4377 1201 4446 signo
1225 4373 1472 4428 indicante
1488 4413 1503 4438 ,
1538 4374 1702 4448 aliqua
1729 4372 1892 4426 deesse
1920 4371 2171 4425 videmur.

2788 4415 2923 4444 ιιᾶᾼ,
