3459 5375
966 563 1087 629 164
1696 558 2032 627 RICHERI
2076 564 2224 627 LIB.
2275 564 2380 625 IV.

1281 770 1435 825 xvl.
1454 796 1527 811 -
1545 768 1786 837 Qualiter
1807 770 2040 823 Rau-olm
2071 768 2394 824 laudunum
2415 770 2674 842 ingressus
2699 771 2786 824 sit.

1056 940 1222 1009 Mox
1243 937 1458 1008 etiam
1474 934 1669 1007 urbis
1703 933 2209 1035 proditionem,
2243 937 2304 1007 si
2323 936 2624 1008 Karolus
2649 938 2887 1009 veniat
2910 930 3120 1037 polli-

960 1072 1235 1146 centur,
1304 1070 1377 1126 et
1427 1055 1486 1125 si
1538 1054 1684 1125 eis·
1761 1077 1891 1125 sua
1950 1050 2295 1143 dimittat,
2355 1070 2427 1125 et
2480 1054 2774 1155 insuper
2827 1072 3108 1153 augeat.

956 1168 1478 1273 Exploratores,
1518 1185 1729 1271 pacto
1774 1170 2232 1241 sacramentis
2272 1168 2605 1262 firmato,
2650 1170 2800 1243 haec
2847 1172 3114 1243 Karolo

955 1304 1345 1390 reportant.
1383 1288 1506 1361 Ille
1548 1312 1720 1359 mox
1753 1288 1921 1379 suiS,
1973 1312 2155 1385 quos
2191 1288 2558 1386 superiore
2593 1274 3114 1386 conquestione

956 1407 1410 1494 excitaverat,
1446 1404 1609 1476 hoc
1673 1404 2092 1475 mandatum
2153 1426 2452 1501 aperuit.
2523 1406 2665 1491 Qui
2731 1406 3116 1479 unanimes

950 1537 1313 1622 oportuno
1339 1537 1665 1619 tempore
1698 1519 2002 1610 collecti,
2037 1521 2105 1591 ei
2133 1544 2287 1591 sese
2314 1518 2664 1593 obtulere.
2703 1519 2852 1610 Ille,
2881 1525 3114 1623 copiis

952 1638 1327 1737 assumptis
1346 1691 1366 1729 ,
1410 1634 1842 1707 Laudunum
1877 1635 2054 1708 dum
2090 1634 2198 1706 sol
2241 1635 2601 1707 occideret
2645 1639 3112 1735 tempestivus

949 1753 1238 1826 advenit
1258 1806 1278 1844 ,
1311 1752 1642 1848 misitque
1684 1748 2166 1849 exploratores
2192 1748 2285 1821 ad
2329 1750 2721 1848 transfugas
2735 1804 2756 1843 ,
2807 1767 2887 1823 ut
2928 1752 3107 1850 quid

947 1885 1132 1942 esset
1156 1868 1513 1967 agendum
1556 1866 1923 1940 referrent.
1967 1866 2310 1938 Latebant
2355 1868 2594 1965 itaque
2641 1868 2828 1940 inter
2864 1870 3108 1943 vinea·

946 2015 1107 2060 rum
1134 1988 1426 2059 dumeta
1470 2001 1543 2058 et
1590 2011 1794 2085 sepes
1813 2040 1832 2075 ‚
1883 1986 2114 2084 parati
2150 1984 2405 2058 urbem
2432 1986 2706 2084 ingredi
2731 1988 2792 2058 si
2817 1988 3104 2061 fortuna

950 2106 1386 2196 admitteret,
1422 2119 1492 2176 et
1518 2104 1734 2175 armis
1767 2102 2028 2193 obniti,
2059 2104 2118 2175 si
2165 2118 2459 2175 eventus
2503 2101 2580 2174 id
2621 2102 2923 2177 afferret.
2957 2106 3104 2193 Qui

881 2222 893 2229 ’
946 2220 1139 2292 missi
1169 2212 1446 2291 fuerant
1480 2216 1574 2289 ad
1607 2216 1930 2309 insidias,
1963 2242 2093 2316 per
2135 2216 2298 2288 loca
2339 2217 2722 2289 constituta
2769 2234 2840 2290 et
2885 2234 3093 2310 nota,

942 2335 1430 2436 proditoribus
1465 2349 1853 2406 occurrunt
1869 2388 1890 2427 ,
1924 2350 1995 2406 et
2037 2333 2380 2405 Karolum
2419 2359 2587 2406 cum
2633 2334 2861 2407 multo
2879 2338 3100 2435 'equi-

942 2469 1092 2527 tatu
1148 2451 1520 2524 advenisse
1573 2452 1927 2523 nuntiant.
1990 2451 2396 2523 Proditores
2449 2453 2718 2548 gavisi,
2771 2452 3106 2552 explora-

940 2586 1132 2644 tores
1159 2566 1525 2641 remittunt
1542 2621 1561 2659 ,
1595 2583 1667 2640 et
1692 2568 1953 2639 Karolo
1979 2568 2122 2639 cito
2145 2565 2394 2639 adesse
2415 2569 2785 2641 mandant.
2819 2570 3102 2658 Quibus

940 2689 1241 2788 cognitis
1258 2739 1279 2780 ,
1332 2685 1634 2760 Karolus
1678 2710 1846 2758 cum
1896 2683 2041 2757 suis
2092 2710 2225 2785 per
2270 2682 2535 2758 montis
2585 2684 2855 2760 devexa
2900 2687 3102 2762 urbis

940 2821 1223 2907 portam
1259 2827 1623 2902 aggressus
1648 2816 1782 2874 est.
1824 2801 1965 2874 Sed
1991 2801 2232 2899 vigiles
2259 2827 2427 2874 cum
2450 2828 2538 2874 ex
2563 2803 2848 2876 fremitu
2873 2831 3100 2904 equo-

940 2948 1103 2995 rum
1140 2933 1212 2994 et
1253 2921 1489 3019 aliqua
1522 2919 1893 2992 collisione
1935 2943 2304 2992 armorum
2343 2920 2617 3018 aliquos
2655 2921 2902 2995 adesse
2935 2949 3099 3022 per—

940 3043 1315 3132 sentirent,
1364 3055 1438 3112 et
1484 3038 1780 3136 quinam
1815 3051 2051 3109 essent
2083 3061 2128 3110 a
2153 3061 2364 3109 muro
2391 3037 2891 3133 inclamarent,
2921 3039 3098 3141 lapi-

938 3157 1292 3256 dibusque
1319 3156 1523 3253 jactis
1558 3169 1898 3252 urgerent
1917 3208 1937 3244 ,
1975 3154 2382 3254 proditores
2415 3179 2587 3226 mox
2619 3155 2898 3254 aliquos
2941 3183 3096 3231 esse

943 3272 1037 3346 de
1092 3271 1365 3344 civibus
1424 3269 1976 3369 responderunt.
2048 3273 2216 3359 Quo
2274 3285 2688 3343 commento
2739 3274 3093 3371 corruptis

940 3387 1301 3485 vigiljbus,
1350 3388 1739 3458 introrsum
1785 3401 2072 3484 portam
2095 3402 2527 3486 aperuerunt
2546 3441 2566 3479 ,
2620 3403 2834 3486 atque
2885 3415 3087 3462 exer-

942 3507 1164 3577 citum
1216 3507 1371 3602 ipso
1406 3502 1826 3602 crepusculo
1871 3515 2327 3602 exceperunt.
2367 3509 2535 3578 Mox
2581 3507 2928 3578 exercitus
2971 3533 3092 3579 ur·

941 3620 1110 3694 bem
1162 3620 1502 3720 implevit.
1547 3625 1776 3692 Portae
1824 3621 2037 3692 etiam
2081 3645 2173 3692 ne
2207 3623 2368 3719 quis
2404 3621 2798 3720 aufugeret,
2840 3638 3090 3695 custo-

944 3736 1151 3810 dibus
1184 3737 1542 3831 adhibitis,
1579 3763 1892 3837 pervasae
1931 3753 2120 3810 sunt.
2155 3738 2287 3810 Alii
2326 3739 2567 3838 itaque
2607 3739 3091 3841 personabant

941 3853 1219 3926 bucinis
1234 3907 1254 3945 ,
1307 3853 1427 3925 alii
1470 3853 1770 3926 vocibus
1816 3853 2211 3926 fremebant
2227 3909 2246 3946 ,
2289 3855 2406 3928 alii
2441 3881 2807 3928 armorum
2849 3858 3090 3929 sonitu

943 3967 1581 4041 tumultuabantur.
1612 3969 1821 4043 Unde
1855 3971 2042 4042 cives
2077 3972 2330 4063 territi,
2363 3987 2610 4073 utpote
2651 3974 2780 4072 qui
2812 3975 3092 4072 ignora·

942 4085 1119 4160 bant
1162 4083 1337 4182 quid
1370 4101 1555 4158 esset
1576 4140 1595 4175 ,
1649 4101 1721 4158 et
1761 4086 1854 4158 de
1886 4087 2223 4162 domibus
2267 4089 2717 4184 ebullientes,
2755 4091 3088 4192 profugio

1023 4323 1039 4354 ¹
1073 4343 1121 4377 e.
1146 4325 1289 4378 bona
1316 4345 1359 4378 ει.
1387 4325 1616 4380 deatum.
