<?xml version="1.0" encoding="UTF-8"?>
<!DOCTYPE html PUBLIC "-//W3C//DTD XHTML 1.0 Transitional//EN"
    "http://www.w3.org/TR/xhtml1/DTD/xhtml1-transitional.dtd">
<html xmlns="http://www.w3.org/1999/xhtml" xml:lang="en" lang="en">
 <head>
  <title>
</title>
<meta http-equiv="Content-Type" content="text/html;charset=utf-8" />
  <meta name='ocr-system' content='tesseract 3.04.00' />
  <meta name='ocr-capabilities' content='ocr_page ocr_carea ocr_par ocr_line ocrx_word'/>
</head>
<body>
  <div class='ocr_page' id='page_1' title='image "./richerhistoired03parigoog_0100.png"; bbox 0 0 3459 5375; ppageno 0'>
   <div class='ocr_carea' id='block_1_1' title="bbox 837 499 2232 565">
    <p class='ocr_par' dir='ltr' id='par_1_1' title="bbox 837 499 2232 565">
     <span class='ocr_line' id='line_1_1' title="bbox 837 499 2232 565; baseline -0.002 -2"><span class='ocrx_word' id='word_1_1' title='bbox 837 502 915 563; x_wconf 89' lang='grc'><strong>88</strong></span> <span class='ocrx_word' id='word_1_2' title='bbox 1548 502 1881 565; x_wconf 83' lang='lat' dir='ltr'>RICHERI</span> <span class='ocrx_word' id='word_1_3' title='bbox 1915 499 2067 561; x_wconf 80' lang='lat' dir='ltr'><strong>LIB.</strong></span> <span class='ocrx_word' id='word_1_4' title='bbox 2117 502 2232 561; x_wconf 85' lang='grc' dir='ltr'><strong>ΙΙΙ.</strong></span> 
     </span>
    </p>
   </div>
   <div class='ocr_carea' id='block_1_2' title="bbox 832 631 3082 3082">
    <p class='ocr_par' dir='ltr' id='par_1_2' title="bbox 832 631 3082 3082">
     <span class='ocr_line' id='line_1_2' title="bbox 838 631 2976 732; baseline 0.003 -30"><span class='ocrx_word' id='word_1_5' title='bbox 838 632 1097 705; x_wconf 85' lang='lat' dir='ltr'><strong>Gallias</strong></span> <span class='ocrx_word' id='word_1_6' title='bbox 1140 634 1242 705; x_wconf 87' lang='lat' dir='ltr'><strong>ire</strong></span> <span class='ocrx_word' id='word_1_7' title='bbox 1285 631 1601 731; x_wconf 87' lang='lat' dir='ltr'><strong>parabat.</strong></span> <span class='ocrx_word' id='word_1_8' title='bbox 1648 638 1793 705; x_wconf 90' lang='lat' dir='ltr'><strong>Nec</strong></span> <span class='ocrx_word' id='word_1_9' title='bbox 1841 648 2159 705; x_wconf 89' lang='lat' dir='ltr'><strong>moratus</strong></span> <span class='ocrx_word' id='word_1_10' title='bbox 2200 635 2575 732; x_wconf 76' lang='lat' dir='ltr'><strong>praemissis</strong></span> <span class='ocrx_word' id='word_1_11' title='bbox 2619 636 2976 709; x_wconf 88' lang='lat' dir='ltr'><strong>centurio-</strong></span> 
     </span>
     <span class='ocr_line' id='line_1_3' title="bbox 838 754 2975 855; baseline 0.002 -31"><span class='ocrx_word' id='word_1_12' title='bbox 838 754 1048 825; x_wconf 88' lang='lat' dir='ltr'>nibus</span> <span class='ocrx_word' id='word_1_13' title='bbox 1093 754 1262 826; x_wconf 87' lang='lat' dir='ltr'><strong>ibat.</strong></span> <span class='ocrx_word' id='word_1_14' title='bbox 1307 754 1607 826; x_wconf 87' lang='lat' dir='ltr'><strong>Galliam</strong></span> <span class='ocrx_word' id='word_1_15' title='bbox 1648 755 1972 827; x_wconf 84' lang='lat' dir='ltr'>celticam</span> <span class='ocrx_word' id='word_1_16' title='bbox 2011 756 2320 828; x_wconf 85' lang='lat' dir='ltr'><strong>exercitu</strong></span> <span class='ocrx_word' id='word_1_17' title='bbox 2355 756 2696 855; x_wconf 90' lang='lat' dir='ltr'><strong>implevit.</strong></span> <span class='ocrx_word' id='word_1_18' title='bbox 2739 760 2975 844; x_wconf 89' lang='lat' dir='ltr'><strong>Quam</strong></span> 
     </span>
     <span class='ocr_line' id='line_1_4' title="bbox 834 871 2974 972; baseline 0.001 -29"><span class='ocrx_word' id='word_1_19' title='bbox 834 874 1093 971; x_wconf 87' lang='lat' dir='ltr'><strong>partim</strong></span> <span class='ocrx_word' id='word_1_20' title='bbox 1131 872 1519 963; x_wconf 81' lang='lat' dir='ltr'><strong>combussit</strong></span> <span class='ocrx_word' id='word_1_21' title='bbox 1544 928 1561 963; x_wconf 92' lang='lat'>‚</span> <span class='ocrx_word' id='word_1_22' title='bbox 1606 874 1869 971; x_wconf 80' lang='lat' dir='ltr'><strong>partim</strong></span> <span class='ocrx_word' id='word_1_23' title='bbox 1905 871 2380 972; x_wconf 87' lang='lat' dir='ltr'><strong>depopulatus</strong></span> <span class='ocrx_word' id='word_1_24' title='bbox 2433 888 2561 945; x_wconf 91' lang='lat' dir='ltr'><strong>est.</strong></span> <span class='ocrx_word' id='word_1_25' title='bbox 2605 874 2719 945; x_wconf 91' lang='lat' dir='ltr'><strong>Sic</strong></span> <span class='ocrx_word' id='word_1_26' title='bbox 2762 876 2974 947; x_wconf 87' lang='lat' dir='ltr'><strong>etiam</strong></span> 
     </span>
     <span class='ocr_line' id='line_1_5' title="bbox 834 974 2978 1090; baseline 0.002 -29"><span class='ocrx_word' id='word_1_27' title='bbox 834 1015 1037 1062; x_wconf 83' lang='lat' dir='ltr'><strong>versa</strong></span> <span class='ocrx_word' id='word_1_28' title='bbox 1071 992 1221 1062; x_wconf 86' lang='lat' dir='ltr'><strong>vice</strong></span> <span class='ocrx_word' id='word_1_29' title='bbox 1258 974 1671 1063; x_wconf 88' lang='lat' dir='ltr'><strong>Lotharium</strong></span> <span class='ocrx_word' id='word_1_30' title='bbox 1706 989 2100 1088; x_wconf 84' lang='lat' dir='ltr'><strong>adurgens,</strong></span> <span class='ocrx_word' id='word_1_31' title='bbox 2147 1016 2234 1063; x_wconf 89' lang='lat' dir='ltr'><strong>eo</strong></span> <span class='ocrx_word' id='word_1_32' title='bbox 2279 991 2478 1090; x_wconf 90' lang='lat' dir='ltr'><strong>quod</strong></span> <span class='ocrx_word' id='word_1_33' title='bbox 2515 991 2818 1066; x_wconf 87' lang='lat' dir='ltr'><strong>militum</strong></span> <span class='ocrx_word' id='word_1_34' title='bbox 2857 1018 2978 1065; x_wconf 92' lang='lat' dir='ltr'><strong>co-</strong></span> 
     </span>
     <span class='ocr_line' id='line_1_6' title="bbox 834 1107 2977 1207; baseline 0.001 -28"><span class='ocrx_word' id='word_1_35' title='bbox 834 1108 1029 1203; x_wconf 88' lang='lat' dir='ltr'><strong>piam</strong></span> <span class='ocrx_word' id='word_1_36' title='bbox 1073 1131 1221 1179; x_wconf 87' lang='lat' dir='ltr'><strong>non</strong></span> <span class='ocrx_word' id='word_1_37' title='bbox 1266 1107 1585 1197; x_wconf 88' lang='lat' dir='ltr'><strong>haberet,</strong></span> <span class='ocrx_word' id='word_1_38' title='bbox 1637 1109 1938 1180; x_wconf 81' lang='lat' dir='ltr'><strong>fluvium</strong></span> <span class='ocrx_word' id='word_1_39' title='bbox 1981 1112 2384 1207; x_wconf 80' lang='lat' dir='ltr'><strong>Sequanam</strong></span> <span class='ocrx_word' id='word_1_40' title='bbox 2433 1111 2731 1181; x_wconf 87' lang='lat' dir='ltr'><strong>transire</strong></span> <span class='ocrx_word' id='word_1_41' title='bbox 2786 1134 2977 1183; x_wconf 88' lang='lat' dir='ltr'><strong>com-</strong></span> 
     </span>
     <span class='ocr_line' id='line_1_7' title="bbox 834 1222 2976 1323; baseline 0.002 -29"><span class='ocrx_word' id='word_1_42' title='bbox 834 1222 1055 1320; x_wconf 88' lang='lat' dir='ltr'><strong>pulit,</strong></span> <span class='ocrx_word' id='word_1_43' title='bbox 1116 1238 1187 1296; x_wconf 91' lang='lat' dir='ltr'><strong>et</strong></span> <span class='ocrx_word' id='word_1_44' title='bbox 1220 1224 1756 1321; x_wconf 86' lang='lat' dir='ltr'><strong>gemebundum</strong></span> <span class='ocrx_word' id='word_1_45' title='bbox 1805 1226 1897 1299; x_wconf 90' lang='lat' dir='ltr'><strong>ad</strong></span> <span class='ocrx_word' id='word_1_46' title='bbox 1936 1225 2196 1297; x_wconf 89' lang='lat' dir='ltr'><strong>ducem</strong></span> <span class='ocrx_word' id='word_1_47' title='bbox 2237 1226 2342 1298; x_wconf 88' lang='lat' dir='ltr'><strong>ire</strong></span> <span class='ocrx_word' id='word_1_48' title='bbox 2385 1228 2639 1323; x_wconf 84' lang='lat' dir='ltr'><strong>coegit.</strong></span> <span class='ocrx_word' id='word_1_49' title='bbox 2689 1227 2976 1300; x_wconf 85' lang='lat' dir='ltr'><strong>Turbati</strong></span> 
     </span>
     <span class='ocr_line' id='line_1_8' title="bbox 836 1341 2970 1443; baseline 0.002 -33"><span class='ocrx_word' id='word_1_50' title='bbox 836 1364 1005 1436; x_wconf 87' lang='lat' dir='ltr'><strong>ergo</strong></span> <span class='ocrx_word' id='word_1_51' title='bbox 1047 1342 1421 1438; x_wconf 90' lang='lat' dir='ltr'><strong>repentino</strong></span> <span class='ocrx_word' id='word_1_52' title='bbox 1464 1341 1783 1413; x_wconf 84' lang='lat' dir='ltr'><strong>hostium</strong></span> <span class='ocrx_word' id='word_1_53' title='bbox 1835 1342 2146 1415; x_wconf 88' lang='lat' dir='ltr'><strong>adventu</strong></span> <span class='ocrx_word' id='word_1_54' title='bbox 2170 1395 2190 1432; x_wconf 88' lang='lat'><strong><em>‚</em></strong></span> <span class='ocrx_word' id='word_1_55' title='bbox 2246 1368 2369 1415; x_wconf 82' lang='lat' dir='ltr'><strong>rex</strong></span> <span class='ocrx_word' id='word_1_56' title='bbox 2405 1347 2727 1443; x_wconf 88' lang='lat' dir='ltr'><strong>Stampas</strong></span> <span class='ocrx_word' id='word_1_57' title='bbox 2770 1343 2970 1436; x_wconf 89' lang='lat' dir='ltr'><strong>adiit,</strong></span> 
     </span>
     <span class='ocr_line' id='line_1_9' title="bbox 834 1455 2967 1555; baseline 0.002 -26"><span class='ocrx_word' id='word_1_58' title='bbox 834 1456 981 1529; x_wconf 84' lang='lat' dir='ltr'><strong>dux</strong></span> <span class='ocrx_word' id='word_1_59' title='bbox 1040 1482 1212 1530; x_wconf 84' lang='lat' dir='ltr'><strong>vero</strong></span> <span class='ocrx_word' id='word_1_60' title='bbox 1260 1455 1355 1530; x_wconf 88' lang='lat' dir='ltr'><strong>ad</strong></span> <span class='ocrx_word' id='word_1_61' title='bbox 1414 1458 1895 1555; x_wconf 80' lang='lat' dir='ltr'><strong>colligendum</strong></span> <span class='ocrx_word' id='word_1_62' title='bbox 1953 1462 2340 1532; x_wconf 82' lang='lat' dir='ltr'><strong>exercitum</strong></span> <span class='ocrx_word' id='word_1_63' title='bbox 2387 1462 2632 1533; x_wconf 84' lang='lat' dir='ltr'><strong>Parisii</strong></span> <span class='ocrx_word' id='word_1_64' title='bbox 2685 1461 2967 1533; x_wconf 84' lang='lat' dir='ltr'><strong>resedit.</strong></span> 
     </span>
     <span class='ocr_line' id='line_1_10' title="bbox 834 1573 2973 1675; baseline 0.003 -33"><span class='ocrx_word' id='word_1_65' title='bbox 834 1577 1025 1643; x_wconf 90' lang='lat' dir='ltr'><strong>Dum</strong></span> <span class='ocrx_word' id='word_1_66' title='bbox 1066 1573 1217 1645; x_wconf 85' lang='lat' dir='ltr'><strong>haec</strong></span> <span class='ocrx_word' id='word_1_67' title='bbox 1258 1590 1595 1671; x_wconf 85' lang='lat' dir='ltr'><strong>aguntur,</strong></span> <span class='ocrx_word' id='word_1_68' title='bbox 1648 1577 1820 1645; x_wconf 88' lang='lat' dir='ltr'><strong>Otto</strong></span> <span class='ocrx_word' id='word_1_69' title='bbox 1859 1600 2025 1646; x_wconf 91' lang='lat' dir='ltr'><strong>cum</strong></span> <span class='ocrx_word' id='word_1_70' title='bbox 2072 1577 2383 1648; x_wconf 87' lang='lat' dir='ltr'><strong>exercitu</strong></span> <span class='ocrx_word' id='word_1_71' title='bbox 2417 1592 2756 1675; x_wconf 85' lang='lat' dir='ltr'><strong>properat</strong></span> <span class='ocrx_word' id='word_1_72' title='bbox 2777 1632 2797 1668; x_wconf 89' lang='lat'>‚</span> <span class='ocrx_word' id='word_1_73' title='bbox 2855 1577 2973 1649; x_wconf 88' lang='lat' dir='ltr'><strong>fis·</strong></span> 
     </span>
     <span class='ocr_line' id='line_1_11' title="bbox 832 1684 2975 1786; baseline 0.003 -31"><span class='ocrx_word' id='word_1_74' title='bbox 832 1708 1140 1781; x_wconf 89' lang='lat' dir='ltr'><strong>cumque</strong></span> <span class='ocrx_word' id='word_1_75' title='bbox 1177 1685 1451 1781; x_wconf 86' lang='lat' dir='ltr'><strong>regium</strong></span> <span class='ocrx_word' id='word_1_76' title='bbox 1496 1686 1908 1755; x_wconf 81' lang='lat' dir='ltr'><strong>Atiniacum.</strong></span> <span class='ocrx_word' id='word_1_77' title='bbox 1930 1684 2173 1785; x_wconf 89' lang='lat' dir='ltr'><strong>diripit</strong></span> <span class='ocrx_word' id='word_1_78' title='bbox 2205 1694 2420 1786; x_wconf 82' lang='lat' dir='ltr'><strong>&#39;atque</strong></span> <span class='ocrx_word' id='word_1_79' title='bbox 2457 1687 2852 1779; x_wconf 82' lang='lat' dir='ltr'><strong>comburit3</strong></span> <span class='ocrx_word' id='word_1_80' title='bbox 2905 1704 2975 1761; x_wconf 90' lang='lat' dir='ltr'><strong>et</strong></span> 
     </span>
     <span class='ocr_line' id='line_1_12' title="bbox 833 1800 2974 1903; baseline 0.001 -30"><span class='ocrx_word' id='word_1_81' title='bbox 833 1828 963 1900; x_wconf 88' lang='lat' dir='ltr'><strong>per</strong></span> <span class='ocrx_word' id='word_1_82' title='bbox 1008 1800 1186 1873; x_wconf 85' lang='lat' dir='ltr'><strong>fines</strong></span> <span class='ocrx_word' id='word_1_83' title='bbox 1228 1801 1427 1872; x_wconf 89' lang='lat' dir='ltr'><strong>urbis</strong></span> <span class='ocrx_word' id='word_1_84' title='bbox 1484 1804 1870 1872; x_wconf 85' lang='lat' dir='ltr'><strong>Remorum</strong></span> <span class='ocrx_word' id='word_1_85' title='bbox 1915 1803 2263 1874; x_wconf 85' lang='lat' dir='ltr'><strong>transiens</strong></span> <span class='ocrx_word' id='word_1_86' title='bbox 2282 1858 2301 1894; x_wconf 86' lang='lat'>‚</span> <span class='ocrx_word' id='word_1_87' title='bbox 2361 1820 2609 1876; x_wconf 84' lang='lat' dir='ltr'><strong>sancto</strong></span> <span class='ocrx_word' id='word_1_88' title='bbox 2657 1806 2974 1903; x_wconf 86' lang='lat' dir='ltr'><strong>Remigio</strong></span> 
     </span>
     <span class='ocr_line' id='line_1_13' title="bbox 834 1921 3082 2024; baseline 0.003 -31"><span class='ocrx_word' id='word_1_89' title='bbox 834 1921 1140 1994; x_wconf 88' lang='lat' dir='ltr'><strong>multum</strong></span> <span class='ocrx_word' id='word_1_90' title='bbox 1186 1922 1543 1995; x_wconf 84' lang='lat' dir='ltr'><strong>honorem</strong></span> <span class='ocrx_word' id='word_1_91' title='bbox 1606 1922 1948 1995; x_wconf 87' lang='lat' dir='ltr'><strong>exhibuit.</strong></span> <span class='ocrx_word' id='word_1_92' title='bbox 2011 1924 2278 2002; x_wconf 85' lang='lat' dir='ltr'><strong>Urbem</strong></span> <span class='ocrx_word' id='word_1_93' title='bbox 2336 1926 2626 2024; x_wconf 86' lang='lat' dir='ltr'><strong>quoque</strong></span> <span class='ocrx_word' id='word_1_94' title='bbox 2687 1930 2976 1999; x_wconf 91' lang='lat' dir='ltr'><strong>Suesso-</strong></span> <span class='ocrx_word' id='word_1_95' title='bbox 3079 1944 3082 1948; x_wconf 77' lang='grc'>’</span> 
     </span>
     <span class='ocr_line' id='line_1_14' title="bbox 834 2040 2970 2140; baseline 0.003 -30"><span class='ocrx_word' id='word_1_96' title='bbox 834 2066 996 2111; x_wconf 88' lang='lat' dir='ltr'><strong>rum</strong></span> <span class='ocrx_word' id='word_1_97' title='bbox 1028 2056 1557 2140; x_wconf 60' lang='lat' dir='ltr'><strong>praetergressus</strong></span> <span class='ocrx_word' id='word_1_98' title='bbox 1575 2094 1595 2130; x_wconf 89' lang='lat'>‚</span> <span class='ocrx_word' id='word_1_99' title='bbox 1646 2058 1716 2111; x_wconf 89' lang='lat' dir='ltr'><strong>et</strong></span> <span class='ocrx_word' id='word_1_100' title='bbox 1754 2055 2078 2112; x_wconf 89' lang='lat' dir='ltr'><strong>sanctum</strong></span> <span class='ocrx_word' id='word_1_101' title='bbox 2119 2040 2544 2114; x_wconf 84' lang='lat' dir='ltr'><strong>Medardum</strong></span> <span class='ocrx_word' id='word_1_102' title='bbox 2583 2068 2930 2117; x_wconf 84' lang='lat' dir='ltr'><strong>venerans</strong></span> <span class='ocrx_word' id='word_1_103' title='bbox 2949 2098 2970 2135; x_wconf 89' lang='lat'><strong>,</strong></span> 
     </span>
     <span class='ocr_line' id='line_1_15' title="bbox 833 2157 2982 2258; baseline 0.003 -29"><span class='ocrx_word' id='word_1_104' title='bbox 833 2157 1177 2256; x_wconf 87' lang='lat' dir='ltr'><strong>palatium</strong></span> <span class='ocrx_word' id='word_1_105' title='bbox 1228 2157 1800 2258; x_wconf 87' lang='lat' dir='ltr'><strong>Compendiense</strong></span> <span class='ocrx_word' id='word_1_106' title='bbox 1868 2182 2055 2256; x_wconf 90' lang='lat' dir='ltr'><strong>pene</strong></span> <span class='ocrx_word' id='word_1_107' title='bbox 2137 2157 2453 2257; x_wconf 88' lang='lat' dir='ltr'><strong>diripuit.</strong></span> <span class='ocrx_word' id='word_1_108' title='bbox 2518 2164 2664 2233; x_wconf 88' lang='lat' dir='ltr'><strong>Nec</strong></span> <span class='ocrx_word' id='word_1_109' title='bbox 2737 2162 2982 2235; x_wconf 85' lang='lat' dir='ltr'><strong>minus</strong></span> 
     </span>
     <span class='ocr_line' id='line_1_16' title="bbox 834 2275 2977 2374; baseline 0.001 -27"><span class='ocrx_word' id='word_1_110' title='bbox 834 2275 1289 2347; x_wconf 86' lang='lat' dir='ltr'><strong>centuriones</strong></span> <span class='ocrx_word' id='word_1_111' title='bbox 1325 2276 1567 2374; x_wconf 85' lang='lat' dir='ltr'><strong>praevii</strong></span> <span class='ocrx_word' id='word_1_112' title='bbox 1602 2298 1689 2347; x_wconf 91' lang='lat' dir='ltr'><strong>eo</strong></span> <span class='ocrx_word' id='word_1_113' title='bbox 1726 2275 2099 2373; x_wconf 84' lang='lat' dir='ltr'><strong>ignorante</strong></span> <span class='ocrx_word' id='word_1_114' title='bbox 2139 2291 2397 2349; x_wconf 84' lang='lat' dir='ltr'><strong>sanctae</strong></span> <span class='ocrx_word' id='word_1_115' title='bbox 2450 2276 2766 2349; x_wconf 87' lang='lat' dir='ltr'><strong>Baltildis</strong></span> <span class='ocrx_word' id='word_1_116' title='bbox 2813 2302 2977 2350; x_wconf 90' lang='lat' dir='ltr'><strong>mo-</strong></span> 
     </span>
     <span class='ocr_line' id='line_1_17' title="bbox 834 2390 2976 2492; baseline 0.002 -30"><span class='ocrx_word' id='word_1_117' title='bbox 834 2392 1223 2464; x_wconf 89' lang='lat' dir='ltr'><strong>nasterium</strong></span> <span class='ocrx_word' id='word_1_118' title='bbox 1302 2391 1496 2489; x_wconf 90' lang='lat' dir='ltr'><strong>apud</strong></span> <span class='ocrx_word' id='word_1_119' title='bbox 1566 2390 1821 2464; x_wconf 88' lang='lat' dir='ltr'><strong>Chelas</strong></span> <span class='ocrx_word' id='word_1_120' title='bbox 1899 2393 2182 2491; x_wconf 88' lang='lat' dir='ltr'><strong>penitus</strong></span> <span class='ocrx_word' id='word_1_121' title='bbox 2258 2392 2690 2466; x_wconf 85' lang='lat' dir='ltr'><strong>subruerunt</strong></span> <span class='ocrx_word' id='word_1_122' title='bbox 2761 2409 2976 2492; x_wconf 87' lang='lat' dir='ltr'><strong>atque</strong></span> 
     </span>
     <span class='ocr_line' id='line_1_18' title="bbox 835 2513 2974 2607; baseline 0.001 -21"><span class='ocrx_word' id='word_1_123' title='bbox 835 2513 1404 2586; x_wconf 88' lang='lat' dir='ltr'><strong>combusserunt.</strong></span> <span class='ocrx_word' id='word_1_124' title='bbox 1468 2513 1683 2600; x_wconf 90' lang='lat' dir='ltr'><strong>Quod</strong></span> <span class='ocrx_word' id='word_1_125' title='bbox 1722 2538 1872 2586; x_wconf 92' lang='lat' dir='ltr'><strong>non</strong></span> <span class='ocrx_word' id='word_1_126' title='bbox 1915 2514 2372 2587; x_wconf 87' lang='lat' dir='ltr'><strong>mediocriter</strong></span> <span class='ocrx_word' id='word_1_127' title='bbox 2411 2515 2664 2589; x_wconf 89' lang='lat' dir='ltr'><strong>dolens</strong></span> <span class='ocrx_word' id='word_1_128' title='bbox 2682 2570 2702 2607; x_wconf 91' lang='lat'>‚</span> <span class='ocrx_word' id='word_1_129' title='bbox 2751 2517 2974 2589; x_wconf 83' lang='lat' dir='ltr'><strong>multa</strong></span> 
     </span>
     <span class='ocr_line' id='line_1_19' title="bbox 838 2631 2974 2730; baseline 0.002 -27"><span class='ocrx_word' id='word_1_130' title='bbox 838 2632 912 2703; x_wconf 89' lang='lat' dir='ltr'><strong>in</strong></span> <span class='ocrx_word' id='word_1_131' title='bbox 954 2632 1105 2728; x_wconf 87' lang='lat' dir='ltr'><strong>ejus</strong></span> <span class='ocrx_word' id='word_1_132' title='bbox 1147 2631 1734 2704; x_wconf 86' lang='lat' dir='ltr'><strong>restaurationem</strong></span> <span class='ocrx_word' id='word_1_133' title='bbox 1774 2631 2143 2730; x_wconf 86' lang='lat' dir='ltr'><strong>delegavit.</strong></span> <span class='ocrx_word' id='word_1_134' title='bbox 2191 2631 2509 2707; x_wconf 89' lang='lat' dir='ltr'><strong>Tandem</strong></span> <span class='ocrx_word' id='word_1_135' title='bbox 2549 2633 2643 2707; x_wconf 92' lang='lat' dir='ltr'><strong>ad</strong></span> <span class='ocrx_word' id='word_1_136' title='bbox 2677 2634 2974 2708; x_wconf 80' lang='lat' dir='ltr'><strong>fluvium</strong></span> 
     </span>
     <span class='ocr_line' id='line_1_20' title="bbox 838 2748 2969 2846; baseline 0.001 -26"><span class='ocrx_word' id='word_1_137' title='bbox 838 2753 1240 2845; x_wconf 85' lang='lat' dir='ltr'><strong>Sequanam</strong></span> <span class='ocrx_word' id='word_1_138' title='bbox 1303 2749 1629 2838; x_wconf 82' lang='lat' dir='ltr'><strong>accessit,</strong></span> <span class='ocrx_word' id='word_1_139' title='bbox 1700 2748 1942 2846; x_wconf 91' lang='lat' dir='ltr'><strong>ibique</strong></span> <span class='ocrx_word' id='word_1_140' title='bbox 2012 2750 2356 2821; x_wconf 85' lang='lat' dir='ltr'><strong>exercitus</strong></span> <span class='ocrx_word' id='word_1_141' title='bbox 2422 2751 2724 2822; x_wconf 87' lang='lat' dir='ltr'><strong>tentoria</strong></span> <span class='ocrx_word' id='word_1_142' title='bbox 2795 2749 2969 2842; x_wconf 75' lang='lat' dir='ltr'><strong>fixit,</strong></span> 
     </span>
     <span class='ocr_line' id='line_1_21' title="bbox 836 2865 2992 2966; baseline -0 -27"><span class='ocrx_word' id='word_1_143' title='bbox 836 2867 1185 2940; x_wconf 86' lang='lat' dir='ltr'><strong>Parisium</strong></span> <span class='ocrx_word' id='word_1_144' title='bbox 1219 2865 1292 2936; x_wconf 93' lang='lat' dir='ltr'><strong>in</strong></span> <span class='ocrx_word' id='word_1_145' title='bbox 1339 2881 1722 2966; x_wconf 90' lang='lat' dir='ltr'><strong>prospectu</strong></span> <span class='ocrx_word' id='word_1_146' title='bbox 1765 2865 2038 2938; x_wconf 89' lang='lat' dir='ltr'><strong>habens</strong></span> <span class='ocrx_word' id='word_1_147' title='bbox 2060 2921 2079 2958; x_wconf 88' lang='lat'>‚</span> <span class='ocrx_word' id='word_1_148' title='bbox 2121 2881 2488 2964; x_wconf 83' lang='lat' dir='ltr'><strong>totamque</strong></span> <span class='ocrx_word' id='word_1_149' title='bbox 2529 2891 2714 2966; x_wconf 88' lang='lat' dir='ltr'><strong>pene</strong></span> <span class='ocrx_word' id='word_1_150' title='bbox 2751 2867 2992 2964; x_wconf 46' lang='lat' dir='ltr'><strong>regior</strong></span> 
     </span>
     <span class='ocr_line' id='line_1_22' title="bbox 838 2981 2278 3082; baseline 0.003 -29"><span class='ocrx_word' id='word_1_151' title='bbox 838 3007 1008 3055; x_wconf 89' lang='lat' dir='ltr'><strong>nem</strong></span> <span class='ocrx_word' id='word_1_152' title='bbox 1042 3008 1172 3082; x_wconf 88' lang='lat' dir='ltr'><strong>per</strong></span> <span class='ocrx_word' id='word_1_153' title='bbox 1208 2981 1523 3082; x_wconf 85' lang='lat' dir='ltr'><strong>triduum</strong></span> <span class='ocrx_word' id='word_1_154' title='bbox 1557 2982 2033 3082; x_wconf 87' lang='lat' dir='ltr'><strong>depopulatus</strong></span> <span class='ocrx_word' id='word_1_155' title='bbox 2072 3000 2200 3056; x_wconf 90' lang='lat' dir='ltr'><strong>est.</strong></span> <span class='ocrx_word' id='word_1_156' title='bbox 2267 3043 2278 3057; x_wconf 90' lang='lat'><strong>.</strong></span> 
     </span>
    </p>
   </div>
   <div class='ocr_carea' id='block_1_3' title="bbox 1797 3157 2016 3210">
    <p class='ocr_par' dir='ltr' id='par_1_3' title="bbox 1797 3157 2016 3210">
     <span class='ocr_line' id='line_1_23' title="bbox 1797 3157 2016 3210; baseline -0.009 1"><span class='ocrx_word' id='word_1_157' title='bbox 1797 3157 2016 3210; x_wconf 82' lang='lat' dir='ltr'>LXXV.</span> 
     </span>
    </p>
   </div>
   <div class='ocr_carea' id='block_1_4' title="bbox 838 3287 2980 4091">
    <p class='ocr_par' dir='ltr' id='par_1_4' title="bbox 838 3287 2980 4091">
     <span class='ocr_line' id='line_1_24' title="bbox 940 3287 2977 3388; baseline -0.001 -28"><span class='ocrx_word' id='word_1_158' title='bbox 940 3288 1145 3360; x_wconf 87' lang='lat' dir='ltr'><strong>Ibant</strong></span> <span class='ocrx_word' id='word_1_159' title='bbox 1187 3314 1355 3386; x_wconf 86' lang='lat' dir='ltr'><strong>ergo</strong></span> <span class='ocrx_word' id='word_1_160' title='bbox 1396 3291 1667 3388; x_wconf 91' lang='lat' dir='ltr'><strong>equites</strong></span> <span class='ocrx_word' id='word_1_161' title='bbox 1712 3315 1879 3362; x_wconf 90' lang='lat' dir='ltr'><strong>cum</strong></span> <span class='ocrx_word' id='word_1_162' title='bbox 1924 3289 2080 3361; x_wconf 85' lang='lat' dir='ltr'><strong>lixis</strong></span> <span class='ocrx_word' id='word_1_163' title='bbox 2117 3287 2522 3388; x_wconf 85' lang='lat' dir='ltr'><strong>palantibus</strong></span> <span class='ocrx_word' id='word_1_164' title='bbox 2565 3288 2660 3360; x_wconf 91' lang='lat' dir='ltr'><strong>ad</strong></span> <span class='ocrx_word' id='word_1_165' title='bbox 2709 3288 2977 3359; x_wconf 87' lang='lat' dir='ltr'><strong>victum</strong></span> 
     </span>
     <span class='ocr_line' id='line_1_25' title="bbox 840 3405 2979 3502; baseline -0.001 -26"><span class='ocrx_word' id='word_1_166' title='bbox 840 3405 1347 3497; x_wconf 88' lang='lat' dir='ltr'><strong>deferendum,</strong></span> <span class='ocrx_word' id='word_1_167' title='bbox 1396 3405 1639 3478; x_wconf 85' lang='lat' dir='ltr'><strong>stadiis</strong></span> <span class='ocrx_word' id='word_1_168' title='bbox 1682 3421 1971 3478; x_wconf 89' lang='lat' dir='ltr'><strong>centum</strong></span> <span class='ocrx_word' id='word_1_169' title='bbox 2017 3421 2087 3477; x_wconf 90' lang='lat' dir='ltr'><strong>et</strong></span> <span class='ocrx_word' id='word_1_170' title='bbox 2127 3407 2482 3502; x_wconf 80' lang='lat' dir='ltr'><strong>sexaginta</strong></span> <span class='ocrx_word' id='word_1_171' title='bbox 2519 3406 2979 3502; x_wconf 87' lang='lat' dir='ltr'><strong>circumqua—</strong></span> 
     </span>
     <span class='ocr_line' id='line_1_26' title="bbox 841 3519 2978 3621; baseline -0 -28"><span class='ocrx_word' id='word_1_172' title='bbox 841 3547 1003 3620; x_wconf 90' lang='lat' dir='ltr'><strong>que.</strong></span> <span class='ocrx_word' id='word_1_173' title='bbox 1039 3527 1127 3594; x_wconf 92' lang='lat' dir='ltr'><strong>Et</strong></span> <span class='ocrx_word' id='word_1_174' title='bbox 1151 3524 1319 3620; x_wconf 89' lang='lat' dir='ltr'><strong>quia</strong></span> <span class='ocrx_word' id='word_1_175' title='bbox 1340 3525 1668 3621; x_wconf 87' lang='lat' dir='ltr'><strong>Sequana</strong></span> <span class='ocrx_word' id='word_1_176' title='bbox 1694 3522 2143 3595; x_wconf 89' lang='lat' dir='ltr'><strong>interfluebat</strong></span> <span class='ocrx_word' id='word_1_177' title='bbox 2165 3577 2182 3612; x_wconf 91' lang='lat'>‚</span> <span class='ocrx_word' id='word_1_178' title='bbox 2224 3536 2476 3594; x_wconf 88' lang='lat' dir='ltr'><strong>neuter</strong></span> <span class='ocrx_word' id='word_1_179' title='bbox 2511 3523 2857 3594; x_wconf 84' lang='lat' dir='ltr'><strong>exercitus</strong></span> <span class='ocrx_word' id='word_1_180' title='bbox 2885 3519 2978 3593; x_wconf 89' lang='lat' dir='ltr'><strong>ad</strong></span> 
     </span>
     <span class='ocr_line' id='line_1_27' title="bbox 840 3637 2978 3737; baseline -0.001 -27"><span class='ocrx_word' id='word_1_181' title='bbox 840 3664 916 3710; x_wconf 89' lang='lat' dir='ltr'><strong>se</strong></span> <span class='ocrx_word' id='word_1_182' title='bbox 952 3639 1356 3712; x_wconf 86' lang='lat' dir='ltr'><strong>accedebat.</strong></span> <span class='ocrx_word' id='word_1_183' title='bbox 1409 3645 1570 3711; x_wconf 84' lang='lat' dir='ltr'><strong>Dux</strong></span> <span class='ocrx_word' id='word_1_184' title='bbox 1610 3641 1802 3711; x_wconf 91' lang='lat' dir='ltr'><strong>enim</strong></span> <span class='ocrx_word' id='word_1_185' title='bbox 1853 3641 1924 3710; x_wconf 90' lang='lat' dir='ltr'><strong>in</strong></span> <span class='ocrx_word' id='word_1_186' title='bbox 1981 3639 2196 3710; x_wconf 86' lang='lat' dir='ltr'><strong>altera</strong></span> <span class='ocrx_word' id='word_1_187' title='bbox 2242 3638 2438 3709; x_wconf 81' lang='lat' dir='ltr'><strong>fluvii</strong></span> <span class='ocrx_word' id='word_1_188' title='bbox 2475 3652 2676 3737; x_wconf 88' lang='lat' dir='ltr'><strong>parte</strong></span> <span class='ocrx_word' id='word_1_189' title='bbox 2720 3637 2978 3708; x_wconf 92' lang='lat' dir='ltr'><strong>milites</strong></span> 
     </span>
     <span class='ocr_line' id='line_1_28' title="bbox 840 3753 2977 3853; baseline -0.001 -25"><span class='ocrx_word' id='word_1_190' title='bbox 840 3755 1253 3853; x_wconf 84' lang='lat' dir='ltr'><strong>colligebat3</strong></span> <span class='ocrx_word' id='word_1_191' title='bbox 1287 3771 1358 3827; x_wconf 86' lang='lat' dir='ltr'><strong>at</strong></span> <span class='ocrx_word' id='word_1_192' title='bbox 1383 3755 1525 3827; x_wconf 91' lang='lat' dir='ltr'><strong>hoc</strong></span> <span class='ocrx_word' id='word_1_193' title='bbox 1556 3753 1872 3827; x_wconf 90' lang='lat' dir='ltr'><strong>triduum</strong></span> <span class='ocrx_word' id='word_1_194' title='bbox 1899 3780 2050 3827; x_wconf 81' lang='lat' dir='ltr'><strong>non.</strong></span> <span class='ocrx_word' id='word_1_195' title='bbox 2077 3753 2471 3826; x_wconf 86' lang='lat' dir='ltr'><strong>sufficiebat</strong></span> <span class='ocrx_word' id='word_1_196' title='bbox 2507 3754 2598 3826; x_wconf 89' lang='lat' dir='ltr'><strong>ad</strong></span> <span class='ocrx_word' id='word_1_197' title='bbox 2638 3754 2977 3852; x_wconf 85' lang='lat' dir='ltr'><strong>colligen-</strong></span> 
     </span>
     <span class='ocr_line' id='line_1_29' title="bbox 838 3875 2980 3974; baseline -0 -25"><span class='ocrx_word' id='word_1_198' title='bbox 838 3878 1103 3949; x_wconf 89' lang='lat' dir='ltr'><strong>dorum</strong></span> <span class='ocrx_word' id='word_1_199' title='bbox 1140 3877 1632 3950; x_wconf 85' lang='lat' dir='ltr'><strong>sufficientiam</strong></span> <span class='ocrx_word' id='word_1_200' title='bbox 1678 3877 1984 3950; x_wconf 88' lang='lat' dir='ltr'><strong>militum</strong></span> <span class='ocrx_word' id='word_1_201' title='bbox 2002 3932 2022 3968; x_wconf 92' lang='lat'><strong><em>‚</em></strong></span> <span class='ocrx_word' id='word_1_202' title='bbox 2074 3902 2210 3950; x_wconf 86' lang='lat' dir='ltr'><strong>nec</strong></span> <span class='ocrx_word' id='word_1_203' title='bbox 2262 3875 2416 3949; x_wconf 83' lang='lat' dir='ltr'><strong>fieri</strong></span> <span class='ocrx_word' id='word_1_204' title='bbox 2467 3877 2702 3974; x_wconf 85' lang='lat' dir='ltr'><strong>potuit</strong></span> <span class='ocrx_word' id='word_1_205' title='bbox 2770 3875 2980 3974; x_wconf 89' lang='lat' dir='ltr'><strong>copia</strong></span> 
     </span>
     <span class='ocr_line' id='line_1_30' title="bbox 841 3993 1706 4091; baseline -0.001 -26"><span class='ocrx_word' id='word_1_206' title='bbox 841 3994 1035 4068; x_wconf 90' lang='lat' dir='ltr'><strong>unde</strong></span> <span class='ocrx_word' id='word_1_207' title='bbox 1070 3993 1621 4091; x_wconf 85' lang='lat' dir='ltr'><strong>congrederetur</strong></span> <span class='ocrx_word' id='word_1_208' title='bbox 1658 3993 1706 4064; x_wconf 80' lang='lat'><strong>⁴.</strong></span> 
     </span>
    </p>
   </div>
   <div class='ocr_carea' id='block_1_5' title="bbox 836 4189 2979 4342">
    <p class='ocr_par' dir='ltr' id='par_1_5' title="bbox 836 4189 2979 4342">
     <span class='ocr_line' id='line_1_31' title="bbox 910 4189 2979 4262; baseline -0.001 -20"><span class='ocrx_word' id='word_1_209' title='bbox 910 4191 925 4222; x_wconf 86' lang='lat'><strong>¹</strong></span> <span class='ocrx_word' id='word_1_210' title='bbox 968 4190 1078 4242; x_wconf 85' lang='lat' dir='ltr'><strong>cod.</strong></span> <span class='ocrx_word' id='word_1_211' title='bbox 1107 4193 1216 4244; x_wconf 85' lang='lat' dir='ltr'><strong>Nec</strong></span> <span class='ocrx_word' id='word_1_212' title='bbox 1244 4190 1716 4262; x_wconf 65' lang='lat' dir='ltr'><strong>praetermittendus</strong></span> <span class='ocrx_word' id='word_1_213' title='bbox 1744 4191 1950 4245; x_wconf 85' lang='lat' dir='ltr'><strong>videtur</strong></span> <span class='ocrx_word' id='word_1_214' title='bbox 1969 4209 2271 4262; x_wconf 73' lang='lat' dir='ltr'><strong>congressus</strong></span> <span class='ocrx_word' id='word_1_215' title='bbox 2295 4189 2527 4243; x_wconf 80' lang='lat' dir='ltr'><strong>duorum</strong></span> <span class='ocrx_word' id='word_1_216' title='bbox 2549 4230 2562 4254; x_wconf 90' lang='lat'>,</span> <span class='ocrx_word' id='word_1_217' title='bbox 2593 4207 2820 4259; x_wconf 85' lang='lat' dir='ltr'><strong>quorum</strong></span> <span class='ocrx_word' id='word_1_218' title='bbox 2848 4189 2979 4241; x_wconf 80' lang='lat' dir='ltr'><strong>alter</strong></span> 
     </span>
     <span class='ocr_line' id='line_1_32' title="bbox 836 4272 2440 4342; baseline -0.002 -15"><span class='ocrx_word' id='word_1_219' title='bbox 836 4276 1159 4339; x_wconf 79' lang='lat' dir='ltr'><strong>Germanus,</strong></span> <span class='ocrx_word' id='word_1_220' title='bbox 1187 4275 1315 4326; x_wconf 76' lang='lat' dir='ltr'><strong>alter</strong></span> <span class='ocrx_word' id='word_1_221' title='bbox 1348 4293 1472 4327; x_wconf 86' lang='lat' dir='ltr'><strong>vero</strong></span> <span class='ocrx_word' id='word_1_222' title='bbox 1501 4275 1681 4327; x_wconf 80' lang='lat' dir='ltr'><strong>Gallus</strong></span> <span class='ocrx_word' id='word_1_223' title='bbox 1704 4277 1820 4327; x_wconf 85' lang='lat' dir='ltr'><strong>fuit.</strong></span> <span class='ocrx_word' id='word_1_224' title='bbox 1847 4277 1983 4328; x_wconf 82' lang='lat' dir='ltr'><strong>Cum</strong></span> <span class='ocrx_word' id='word_1_225' title='bbox 2019 4287 2236 4342; x_wconf 83' lang='lat' dir='ltr'><strong>uterque</strong></span> <span class='ocrx_word' id='word_1_226' title='bbox 2259 4272 2440 4324; x_wconf 77' lang='lat' dir='ltr'><strong>deleta.</strong></span> 
     </span>
    </p>
   </div>
  </div>
 </body>
</html>
