3459 5375
896 513 1020 576 240
1633 509 1970 572 RICHERI
2012 512 2163 575 LIB.
2210 512 2321 575 lv.

900 677 938 716 «
963 635 1170 718 ‘mate
1183 643 1559 716 involutus
1588 642 2155 717 manifestissime
2186 660 2409 745 patet.
2442 648 2663 737 Quod
2703 649 2915 723 etiam
2949 651 3043 726 ad

900 795 940 834 «
979 765 1132 862 ejus
1165 761 1895 863 condempnationem
1935 787 2086 836 non
2125 764 2504 838 minimum
2537 764 2749 841 valet.
2785 796 2825 836 »

1321 955 1518 1008 LXIV.
1545 982 1619 996 —-
1637 953 1943 1026 Indignatio
1966 955 2205 1008 Gualteri
2227 956 2283 1007 in
2313 958 2614 1011 Amulfum.

994 1097 1406 1188 GualteruS,
1452 1094 2107 1193 Augustudunensis
2156 1096 2533 1197 episcopus
2550 1153 2569 1190 ,
2604 1098 2830 1170 dixit:
2874 1127 2913 1168 «
2941 1103 3043 1172 An

902 1244 939 1284 κ
983 1213 1170 1287 male
1209 1239 1396 1286 sanae
1431 1213 1691 1285 mentis
1730 1211 1850 1283 hic
1878 1212 2258 1312 episcopus
2297 1239 2449 1287 non
2486 1231 2592 1288 est
2632 1218 2759 1313 qui
2801 1207 2937 1316 pro
2971 1243 3045 1290 se

903 1363 939 1401 «
982 1331 1430 1403 defensiones
1455 1330 1730 1420 nititur,
1775 1354 1943 1401 cum
1967 1329 2250 1427 regibus
2277 1344 2348 1403 et
2394 1346 2505 1404 tot
2536 1332 2855 1430 patribus
2897 1333 3043 1429 ejus

901 1481 938 1521 α
978 1450 1312 1548 iniquitas
1338 1448 1649 1521 dilucide
1674 1463 1915 1546 pateat
1936 1502 1956 1539 ,
1988 1464 2060 1520 et
2099 1448 2392 1548 insuper
2428 1449 2798 1549 presbiteri
2832 1449 3045 1522 malo-

901 1598 938 1638 «
979 1572 1144 1639 rum
1180 1566 1453 1650 ‚conscii
1499 1565 1909 1637 testimonio
1954 1564 2469 1638 convincatur?
2518 1571 2626 1638 An
2674 1567 2827 1666 ipse
2880 1567 3047 1638 mali

901 1707 937 1747 «
980 1678 1311 1749 inventor
1367 1674 1767 1775 periculum
1836 1674 2307 1747 anathematis
2384 1675 2688 1748 evadere
2761 1674 2994 1775 potuit
3018 1731 3039 1766 ,

900 1826 938 1866 «
978 1819 1144 1868 cum
1172 1795 1323 1893 ipse
1347 1792 1519 1864 mali
1545 1795 1880 1864 inventor
1908 1806 1982 1864 et
2006 1792 2267 1886 fautor,
2300 1795 2707 1868 inventores
2731 1810 2802 1867 et
2832 1794 3046 1868 facto-

901 1943 938 1982 «
981 1938 1094 1986 res
1114 1912 1568 2008 fautoresque
1592 1908 2113 1982 maledictionis
2132 1909 2273 1982 telo
2304 1911 2661 2009 perfodit?
2698 1917 2803 1983 An
2820 1911 3045 2010 ipsam

901 2060 938 2100 «
981 2030 1440 2102 Divinitatem
1462 2027 1598 2100 hec
1644 2026 2090 2127 perpendere
2118 2052 2270 2099 non
2306 2027 2837 2118 animadvertit,
2880 2053 3045 2099 cum

902 2175 940 2217 κ
983 2147 1327 2244 scriptum
1349 2146 1462 2236 sit,
1490 2142 1689 2242 quod
1705 2143 1898 2215 oculi
1910 2144 2202 2214 Domini
2224 2145 2298 2214 in
2322 2146 2522 2215 omni
2540 2143 2704 2216 loco
2729 2159 3045 2216 contem·

899 2291 939 2334 α
977 2260 1266 2362 plantur
1289 2260 1524 2332 bonos
1549 2274 1622 2332 et
1656 2258 1929 2331 malos?
1966 2263 2057 2331 Et
2088 2273 2280 2331 certe
2308 2258 2637 2350 arbitror,
2671 2261 2840 2356 quia
2875 2258 3045 2330 dixit

902 2408 939 2448 «
977 2379 1318 2476 insipiens
1346 2378 1423 2448 in
1463 2375 1682 2447 corde
1716 2399 1849 2447 suo
1881 2403 1897 2445 ε
1934 2379 2095 2447 Non
2118 2390 2228 2447 est
2249 2379 2467 2447 Deus·
2492 2374 3043 2447 Animadvertite

905 2525 942 2566 «
983 2520 1155 2593 ergo
1183 2509 1445 2593 patreS,
1469 2517 1686 2590 quam
1705 2493 2026 2590 corrupti
2052 2509 2219 2564 sunt
2242 2507 2314 2565 et
2340 2488 2858 2566 abominabiles
2885 2492 3044 2565 facti

905 2640 944 2680 «
983 2626 1148 2683 sunt
1177 2611 1254 2682 in
1282 2609 1532 2683 studiis
1555 2610 1700 2681 suis
1736 2608 1966 2681 factor
1998 2624 2071 2682 et
2096 2608 2359 2682 fautor.
2402 2637 2440 2676 »

1007 2886 1176 2939 LXV.
1201 2914 1276 2929 -
1296 2884 1502 2939 Odonis
1527 2884 1763 2957 episcopi
1800 2884 2095 2937 admonitio
2110 2884 2141 2918 ¹¹¹
2170 2881 2237 2937 de
2257 2882 2451 2955 juditio
2466 2884 2495 2915 ¹*
2523 2882 2868 2936 accelerando
2886 2884 2939 2938 ⁷¹¹.

997 3044 1190 3136 Odo,
1222 3044 2188 3143 SilvanectensisepiscopuS,
2214 3042 2425 3115 dixit:
2452 3071 2488 3111 «
2510 3043 2875 3131 Quoniam
2891 3041 3045 3113 reli-

905 3190 942 3229 «
983 3162 1212 3258 gionis
1259 3185 1504 3253 causa,
1551 3176 1626 3234 et
1663 3159 1866 3257 jussu
1912 3160 2522 3232 serenissimorum
2580 3182 2829 3256 regum
2850 3210 2871 3249 ,
2932 3158 3044 3229 hic

905 3308 940 3345 «
983 3275 1263 3350 collecti
1305 3302 1584 3367 summ,
1622 3301 1775 3349 non
1808 3291 1913 3350 est
1954 3275 2430 3349 differendum
2470 3273 2788 3349 habendi
2812 3275 3044 3371 juditii

907 3422 944 3463 «
985 3418 1318 3485 examen3
1357 3394 1435 3466 id
1463 3396 1658 3466 enim
1693 3418 1894 3491 reges
1927 3391 2458 3492 praestolantur3
2492 3391 2723 3465 clerus
2751 3406 2825 3464 et
2847 3391 3041 3491 plebs

907 3540 942 3577 «
986 3508 1178 3581 idem
1205 3524 1601 3609 expectant.
1629 3513 1773 3581 Nec
1796 3523 1903 3581 est
1926 3509 2001 3579 in
2029 3508 2517 3581 diversissimis
2538 3508 3040 3579 sententiarum

909 3652 943 3693 «
987 3625 1381 3698 rationibus
1403 3625 1668 3699 diutius
1693 3626 2255 3717 immorandum,
2280 3652 2448 3698 cum
2472 3650 2585 3698 res
2611 3626 2700 3697 sit
2724 3624 3033 3714 evidenS,

909 3770 947 3809 κ
985 3756 1056 3813 et
1074 3742 1313 3838 juditii
1351 3744 1530 3815 ratio
1563 3738 1638 3815 in
1668 3758 2009 3842 promptu
2048 3744 2159 3815 sit.
2206 3749 2313 3817 De
2346 3743 2604 3842 quibus
2634 3766 2787 3815 non
2812 3741 3037 3813 solum

905 3890 943 3929 «
983 3875 1271 3959 patrum
1335 3874 1592 3932 statuta
1656 3860 1884 3957 legitis
1916 3915 1935 3952 ,
2002 3885 2257 3933 verum
2324 3862 2539 3933 etiam
2602 3884 2734 3959 per
2794 3884 3035 3931 conse-

905 4006 940 4045 «
981 3977 1306 4074 quentias
1323 4002 1565 4049 rerum
1576 3978 1904 4075 equitatis
1930 4002 2302 4051 censuram
2324 3977 2644 4079 proferre
2674 4000 2825 4049 non
2854 3978 3035 4073 igno·

906 4124 943 4161 κ
986 4094 1176 4166 ratis.
1219 4122 1255 4161 >³

971 4266 998 4297 ’¹
1041 4262 1200 4317 admo
1220 4304 1236 4331 ,
1263 4262 1488 4337 juditio,
1530 4264 1642 4319 ndo
1676 4264 1886 4318 abscisa.
