3459 5375
885 544 970 606 40
1605 538 1939 601 mmmm
1984 538 2133 599 LIB.
2180 538 2301 599 111.

891 700 928 739 «
969 690 1304 746 maneant
1322 727 1342 764 ,
1391 689 1464 745 et
1514 671 1712 772 quod
1768 671 2154 770 pessimum
2198 687 2335 760 est,
2400 671 2667 771 absque
2720 675 3017 749 fratrum

889 816 926 855 «
966 787 1465 863 benedictione
1518 806 1590 863 et
1641 803 1931 880 exeant,
1988 803 2057 861 et
2106 790 2256 861 sine
2308 814 2391 861 ea
2439 790 2759 865 redeant.
2811 796 3017 868 Unde
3140 811 3153 823 ’

889 935 925 975 «
967 931 1116 979 non
1156 906 1456 981 dubium
1500 924 1604 981 est
1622 963 1641 1000 ‚
1681 934 1808 981 eos
1844 908 2109 981 facilius
2158 930 2366 1007 posse
2410 908 2552 981 falli
2568 964 2587 1001 ,
2642 936 2825 1008 quos
2879 913 3017 985 fia-

890 1050 926 1087 «
969 1036 1159 1094 trum
1187 1025 1546 1095 orantium
1569 1022 1975 1096 benedictio
2012 1047 2162 1095 non
2198 1024 2449 1095 munit.
2483 1023 2659 1096 Inde
2685 1042 2791 1098 est
2819 1028 3017 1124 quod

889 1168 926 1207 «
970 1140 1338 1238 turpitudo
1375 1142 1534 1213 vitae
1551 1196 1570 1233 ‚
1616 1166 1904 1215 morum
1944 1141 2249 1239 pravitas
2266 1193 2286 1229 ,
2326 1142 2774 1240 proprietatis
2808 1168 3020 1244 pecu-

889 1284 925 1322 «
967 1254 1178 1349 lium,
1231 1257 1442 1329 nobis
1502 1284 1545 1330 a
1604 1256 2199 1332 calumniantibus
2252 1256 2740 1330 intenduntur.
2810 1261 3017 1333 Unde

888 1401 924 1439 «
967 1373 1179 1444 etiam
1219 1398 1506 1449 necesse
1548 1390 1686 1466 est,
1737 1391 1816 1446 ut
1852 1364 1963 1446 h‘is
1999 1374 2369 1448 calumniis
2395 1373 2809 1467 subdamur,
2849 1402 3017 1449 cum

887 1517 924 1556 «
966 1488 1356 1588 repulsioni
1405 1508 1614 1564 testes
1679 1492 1945 1564 habere
1996 1517 2147 1563 non
2194 1494 2571 1590 possimus.
2641 1494 2797 1566 Hoc
2845 1521 3019 1594 quo·

889 1634 925 1673 «
969 1630 1110 1702 que
1171 1622 1404 1679 vestra
1470 1633 1771 1681 censura
1827 1608 2225 1708 prohibeat.
2300 1638 2338 1677 »
2380 1610 2714 1685 sinodus
2767 1610 2940 1684 dixit
2992 1640 3009 1684 ε

887 1750 924 1790 «
969 1721 1457 1795 prohibeatur.
1535 1753 1571 1792 n
1639 1730 1728 1797 Et
1794 1724 2274 1798 memorabilis
2332 1726 2917 1826 metropolitanus
2992 1757 3009 1797 ε

885 1864 926 1905 «
965 1840 1120 1909 Hoc
1153 1862 1445 1937 quoque
1489 1870 1525 1910 »
1579 1841 1815 1938 inquit
1854 1872 1889 1910 «
1946 1857 2188 1913 nostra
2236 1842 2649 1917 auctoritate
2692 1842 3018 1942 prohibe-

887 1984 922 2023 «
964 1978 1148 2027 mus.
1203 1984 1240 2025 »
1285 2010 1293 2021 .

1375 2136 1662 2191 XXXVII.
1693 2138 1873 2191 Tertia
1894 2138 1923 2174 Ἃ*
1954 2138 2189 2209 primatis
2210 2138 2521 2209 indignatio.

979 2283 1102 2354 His
1142 2306 1432 2380 quoque
1479 2284 1746 2381 primas
1792 2281 1928 2353 alia
1963 2282 2359 2378 adjungens
2399 2310 2414 2351 ε
2472 2312 2507 2349 «
2560 2284 2921 2370 Quoniam
2974 2314 3009 2353 υ

879 2397 1112 2495 inquit
1163 2426 1197 2465 «
1270 2395 1361 2468 de
1432 2398 1616 2468 vitiis
1659 2398 1885 2468 nostri
1934 2396 2205 2467 ordinis
2260 2396 2497 2469 dicere
2554 2398 2773 2497 coepi,
2840 2398 3019 2471 nihil

884 2543 920 2581 «
963 2510 1512 2609 relinquendum
1563 2514 1846 2610 putavi,
1894 2528 1972 2584 ut
2000 2513 2112 2584 his
2152 2514 2409 2584 amotis
2423 2566 2442 2603 ‚
2489 2512 2737 2611 religio
2778 2530 3019 2587 nostra

884 2656 921 2698 «
963 2630 1108 2702 acsi
1155 2627 1514 2701 enubilata
1540 2628 1872 2702 reluceat.
1926 2631 2109 2701 Sunt
2140 2630 2369 2720 enim,
2414 2630 2709 2728 inquam
2730 2684 2749 2722 ,
2792 2633 3017 2704 nostri

883 2777 922 2816 «
961 2747 1234 2819 ordinis
1283 2746 1610 2845 quidam,
1665 2745 1925 2844 quibus
1964 2772 2149 2819 curae
2210 2763 2317 2819 est
2366 2747 2577 2845 pillea
2632 2750 2859 2820 aurita
2902 2773 3017 2820 ca-

885 2897 920 2934 «
962 2866 1092 2964 piti
1143 2865 1510 2937 manifeste
1550 2866 1921 2964 imponere
1939 2919 1959 2955 ‚
2018 2863 2381 2963 pellesque
2422 2865 2829 2962 peregrinas
2884 2865 3016 2964 pil-

883 3013 918 3052 «
961 2982 1077 3055 leo
1113 2982 1414 3080 regulari
1454 3006 1903 3082 praeponere,
1950 3006 2084 3081 pro
2138 2981 2426 3079 abjectae
2459 2986 2671 3053 vestis
2720 2981 2968 3053 habitu
2988 3037 3009 3073 ,

881 3129 917 3168 «
960 3115 1189 3200 vestes
1260 3098 1681 3174 lautissimas
1748 3098 2131 3171 induere.
2077 3100 2094 3135 ⁴
2193 3103 2373 3170 Nam
2434 3100 2707 3171 tunicas
2776 3101 3016 3196 magni

881 3247 917 3284 «
961 3231 1235 3315 emptas
1300 3214 1692 3314 plurimum
1752 3216 2093 3348 cupiunt,
2150 3239 2325 3326 quas
2383 3215 2482 3287 sic
2542 3214 2633 3286 ab
2708 3229 3016 3316 utroque

882 3363 917 3402 «
959 3333 1176 3405 latere
1223 3333 1615 3430 stringunt,
1671 3334 2107 3430 manicisque
2164 3348 2235 3404 et
2296 3333 2501 3429 giris
2534 3330 3017 3403 diffluentibus

880 3481 918 3520 «
960 3450 1405 3541 diffundunt,
1458 3466 1536 3522 ut
1579 3451 1820 3522 artatis
1858 3448 2184 3522 clunibus
2228 3466 2299 3521 et
2336 3449 2687 3549 protensis
2732 3447 3015 3521 natibus

880 3599 915 3636 «
958 3569 1197 3670 potius
1241 3567 1705 3640 meretriculis
1749 3592 1966 3665 quam
2011 3566 2380 3639 monachis
2414 3592 2457 3639 a
2504 3583 2700 3664 tergo
2752 3567 3015 3638 assimi-

880 3715 916 3753 t<
957 3684 1213 3762 lentur.
1279 3715 1314 3752 »

943 3933 978 3969 ¹*
1011 3933 1090 3986 Te
1112 3933 1368 3987 abscisum.

946 4019 964 4049 ¹
993 4031 1113 4092 post
1159 4016 1377 4071 induere
1419 4017 1524 4070 hoec
1558 4020 1789 4090 primitus
1827 4019 2007 4088 scripta
2048 4029 2187 4067 eram
2222 4035 2240 4066 .·
2280 4032 2400 4068 cum
2430 4013 2561 4066 boni
2597 4013 2789 4084 quique
2830 4015 3013 4088 capitis

871 4126 1202 4180 quocumque
1225 4108 1452 4178 tegmine
1470 4106 1702 4160 contenti
1723 4107 1845 4158 sint.
1864 4105 1931 4157 Hi
1955 4123 2078 4176 ergo
2095 4124 2126 4156 a
2140 4103 2387 4174 religiosis
2411 4101 2713 4156 dissidentes
2730 4122 2839 4156 non
2856 4105 3012 4157 sunt?

874 4219 994 4251 cum
1012 4199 1153 4251 enim
1180 4200 1398 4251 vestium
1428 4197 1678 4268 dignitate
1697 4195 2020 4249 delectantur
2041 4195 2242 4248 vilium.
2266 4193 2455 4265 procul
2477 4191 2644 4247 dubio
2666 4193 3012 4265 abjectionem

879 4289 1020 4342 unde
1041 4308 1106 4341 ex
1131 4303 1280 4362 parte
1305 4289 1488 4360 religio
1516 4288 1905 4358 recognoscitur
1924 4286 2135 4358 penitus
2158 4285 2461 4338 abhorrent.
