3459 5375
813 583 932 642 172
1437 657 1452 672 .
1536 578 1869 639 monem
1923 577 2070 639 Lm.
2116 579 2225 640 lv.

810 713 885 783 in
950 713 1323 784 cacumine
1393 726 1466 783 et
1524 711 1715 802 basi,
1776 735 1909 811 per
1960 725 2270 808 quatuor
2330 709 2551 782 latera
2612 711 2965 810 repagulis

811 843 1203 902 transverse
1241 829 1571 918 annexis;
1612 829 1688 899 in
1740 827 1982 900 medio
2018 852 2191 900 vero
2218 826 2677 900 solummodo
2720 828 2961 900 levum

811 944 996 1016 latus
1045 960 1119 1018 et
1167 944 1499 1016 dextrum
1543 945 1736 1042 ligna
1781 945 2187 1016 transmissa
2218 943 2557 1016 habuere.
2618 947 2707 1016 At
2751 970 2965 1043 super

811 1059 1124 1131 trabium
1151 1063 1544 1132 erectarum
1588 1060 1988 1159 superiores
2032 1061 2533 1132 commissuras
2546 1114 2566 1151 ‚
2596 1061 2965 1158 longurios

817 1175 1000 1248 duos
1033 1193 1466 1269 straverunt,
1521 1178 1978 1274 inmotosque
2026 1177 2411 1249 effecerunt
2429 1232 2449 1269 ‚
2499 1193 2778 1276 partem
2828 1193 2967 1249 ter·-

815 1295 990 1366 tiam
1023 1295 1407 1394 superioris
1443 1295 1649 1394 spatii
1689 1294 2000 1366 trabium
2034 1294 2109 1365 in
2152 1293 2392 1366 medio
2439 1293 2866 1366 obtinentes.
2912 1298 2969 1366 A

817 1410 1076 1508 quibus
1103 1411 1444 1510 longuriis
1471 1413 1678 1485 funes
1707 1411 2085 1511 implicitos
2114 1411 2621 1510 deposuerunt.
2654 1411 2969 1484 Funibus

817 1551 1107 1624 quoque
1141 1527 1418 1600 trabem
1452 1553 1620 1600 cum
1645 1528 1906 1600 ferrato
1944 1528 2171 1626 capite
2210 1527 2450 1599 multae
2479 1526 2977 1625 grossitudinis.

815 1642 1364 1743 suspenderunt.
1428 1646 1560 1718 Cui
1610 1645 1825 1716 etiam
1868 1643 2052 1716 trabi
2101 1645 2174 1715 in
2234 1644 2474 1718 medio
2527 1660 2601 1717 et
2648 1659 2971 1717 extremo

819 1760 1021 1833 funes
1054 1761 1370 1859 alligatos
1413 1761 1898 1834 adhibuerunt
1916 1817 1936 1854 ‚
1992 1762 2153 1860 qui,
2201 1786 2244 1834 a
2280 1761 2735 1834 multitudine
2768 1763 2971 1833 tracti

819 1892 891 1949 et
937 1880 1250 1970 remissi,
1291 1879 1562 1952 ferratae
1599 1879 1774 1951 moli
1817 1894 2098 1951 motum
2140 1877 2417 1950 darent.
2476 1877 2683 1949 Unde
2734 1893 2807 1949 et
2839 1877 2974 1950 hu-

810 1996 1131 2092 jusmodi
1172 1997 1504 2069 machina
1529 1998 1700 2094 quia
1736 2021 1940 2069 more
1980 1997 2217 2070 arietis
2262 2011 2456 2067 retro
2500 2009 2723 2069 tracta
2737 2049 2759 2085 ,
2804 2011 2971 2068 ante

820 2139 988 2185 cum
1021 2116 1294 2213 impetu
1327 2116 1469 2190 ruit
1486 2168 1506 2205 ,
1549 2115 1734 2188 aries
1781 2113 2218 2213 appellatur;
2257 2115 2765 2210 cujuscumque
2813 2112 2975 2184 soli-

821 2227 1058 2302 ditatis
1103 2231 1326 2302 muris
1371 2229 1775 2328 frangendis
1816 2231 2243 2329 aptissimus.
2290 2235 2525 2318 Quam
2565 2230 2779 2301 etiam
2826 2255 2974 2303 ma·-

821 2343 1108 2417 chinam
1162 2371 1377 2444 super
1429 2362 1570 2418 tres
1637 2361 1831 2418 rotas
1892 2347 2247 2444 triangulo
2310 2362 2616 2419 scemate
2666 2347 2973 2446 positam

822 2475 1244 2558 aptaverunt
1258 2515 1279 2552 ‚
1311 2487 1470 2562 quo
1503 2461 1775 2535 facilius
1820 2462 2184 2560 obliquata
2207 2517 2227 2554 ,
2272 2486 2728 2560 quocumque
2768 2487 2987 2559 opor·-

823 2589 1006 2649 teret
1036 2579 1216 2649 verti
1262 2573 1552 2650 valeret.
1606 2584 1693 2651 At
1736 2580 1904 2677 quia
1937 2578 2133 2651 urhis
2166 2581 2341 2652 situs
2380 2578 2717 2652 accedere
2742 2579 2983 2678 prohi-

823 2692 1017 2785 buit,
1050 2720 1139 2767 eo
1173 2695 1371 2793 quod
1405 2697 1558 2794 ipsa
1597 2695 1768 2768 urbs
1803 2698 1878 2767 in
1918 2698 2260 2771 eminenti
2306 2697 2572 2770 montis
2608 2697 2979 2770 cacumine

827 2812 1095 2885 eminet
1119 2867 1140 2903 ‚
1171 2814 1353 2888 aries
1388 2812 1769 2885 fabricatus
1804 2814 2035 2886 cessit.

1085 3016 1297 3072 xxm.
1322 3048 1396 3063 -
1417 3020 1678 3092 Digoessio
1704 3020 1945 3092 Hugonis
1972 3038 2097 3073 cum
2116 3017 2349 3073 exercitu
2375 3036 2409 3072 a
2428 3016 2710 3071 lauduno.

929 3189 1098 3257 Post
1123 3184 1274 3257 haec
1299 3200 1480 3257 ‘cum
1513 3210 1644 3284 per
1677 3185 1835 3258 dies
1866 3186 2217 3284 plurimos
2250 3186 2327 3256 in
2366 3184 2742 3257 obsidione
2788 3183 2983 3257 urbis

830 3300 1082 3398 vigiliis
1123 3315 1198 3372 et
1231 3303 1422 3373 curis
1459 3302 1862 3399 pugnisque
1906 3302 2394 3399 frequentibus
2437 3302 2947 3374 laboravissent
2960 3356 2979 3391 ,

830 3417 948 3493 die
1007 3418 1317 3515 quadam
1380 3418 1797 3491 custodibus
1874 3434 2270 3490 castrorum
2338 3418 2510 3490 vino
2582 3439 2993 3514 somnoque

833 3536 1222 3633 aggravatis
1239 3591 1258 3628 ,
1290 3535 1549 3607 urbani
1585 3536 1755 3608 vino
1783 3534 2148 3608 exhilarati
2170 3560 2339 3606 cum
2371 3536 2587 3606 armis
2627 3533 2721 3606 ad
2754 3548 2984 3605 castra

831 3651 1196 3751 pedestres
1223 3669 1595 3725 venerunt.
1631 3654 1920 3751 Equites
1968 3678 2141 3725 vero
2173 3667 2698 3749 consequenter
2734 3651 2987 3723 armati

834 3768 1192 3841 subsecuti
1228 3786 1395 3841 sunt
1413 3825 1432 3862 ,
1465 3772 1570 3843 rei
1595 3786 1932 3843 eventum
1958 3769 2441 3870 praestolantes
2459 3822 2478 3859 ,
2530 3784 2610 3840 ut
2636 3770 2695 3840 si
2728 3790 2987 3871 pugnae

835 3888 1035 3960 locus
1070 3888 1347 3962 adesset
1360 3943 1380 3980 ‚
1422 3914 1904 3989 prosperaque
1946 3888 2229 3960 fortuna
2262 3886 2538 3959 felicem
2580 3899 2927 3958 annueret
2956 3886 2981 3920 ⁴

837 4018 1172 4076 eventum
1193 4058 1212 4095 ,
1285 4030 1453 4076 cum
1511 4005 1718 4077 hoste
1785 4005 2189 4078 comminus
2250 4006 2737 4103 confligerent.
2806 4006 2987 4075 Cum

838 4147 1006 4220 ergo
1051 4122 1326 4221 pedites
1358 4123 1508 4219 jam
1544 4124 1789 4195 castris
1825 4123 2427 4222 propinquassent
2440 4178 2461 4216 ‚
2512 4121 2990 4225 custodesque

911 4340 926 4371 ¹
967 4338 1248 4409 sponderet
1273 4355 1420 4411 supra
1441 4341 1611 4412 posito
1637 4354 1889 4393 annueret
1914 4338 2087 4393 codex.
