3459 5375
921 494 1044 556 256
1644 489 1976 553 mcHERl
2024 490 2184 552 LIB.
2230 491 2337 550 IV:

923 653 959 692 α
997 620 1414 710 Quomodo,
1445 649 1482 688 n
1507 623 1769 720 inquit,
1789 651 1826 692 «
1844 621 2111 721 absque
2134 639 2429 724 peccato
2455 640 2527 698 et
2550 599 2907 703 dedecore
2926 627 3063 704 hec

923 768 976 810 α,
1003 737 1158 812 fieri
1197 742 1418 838 'posse
1468 737 1815 812 confidis?
1850 767 1884 806 »
1938 743 2027 811 Et
2066 739 2197 814 iste
2244 742 2475 839 inquit
2516 769 2531 812 :
2597 772 2633 812 «
2670 745 2744 814 Si
2786 757 2859 816 te
2896 769 3060 816 cum

923 887 958 925 «
1001 845 1233 930 castro
1278 855 1520 928 Odoni
1547 857 1826 929 confers
1841 912 1858 947 ,
1892 858 2233 956 quicquid
2274 859 2553 958 sceleris
2578 861 2781 933 nasci
2814 872 3020 960 putas
3036 915 3055 952 ‚

925 1005 962 1044 «
1005 977 1252 1048 m'eum
1299 972 1457 1066 fiat,
1505 999 1748 1048 meum
1803 974 2101 1048 dicatur.
2162 981 2415 1050 Poenas
2477 974 2647 1048 inde
2693 975 2891 1050 luam
2918 1031 2941 1068 ‚
2994 992 3067 1050 et

925 1120 962 1159 «
1005 1115 1298 1162 summae
1332 1089 1697 1162 Divinitati
1744 1091 2097 1163 rationem
2138 1087 2459 1162 reddam.
2516 1089 2825 1178 Consule
2860 1087 3067 1164 nobi-

929 1236 962 1274 r‹
1005 1201 1181 1278 litati
1243 1219 1400 1277 tuae.
1471 1209 1608 1276 Fac
1665 1213 1952 1276 tuarum
2000 1231 2240 1278 rerum
2293 1218 2783 1302 augmentum.
2846 1211 3063 1282 Instat

927 1351 962 1390 α
1005 1334 1306 1419 tempus,
1350 1321 1817 1420 oportunitas
1860 1319 1937 1392 id
1976 1319 2265 1411 suadet,
2314 1345 2482 1392 cum
2526 1321 2923 1419 inpotentia
2958 1345 3062 1393 re·

925 1466 962 1504 «
1005 1436 1272 1534 gnandi
1296 1459 1418 1506 rex
1453 1436 1542 1507 sit
1566 1435 1911 1533 inglorius
1924 1489 1945 1526 ,
1976 1450 2049 1508 et
2071 1435 2409 1508 Odouem
2444 1437 2857 1535 prosperior
2888 1461 3061 1508 sem-

926 1583 963 1622 «
1003 1577 1134 1653 per
1183 1567 1520 1650 sequatur
1578 1576 2057 1626 successus.»
2102 1551 2227 1624 Ille
2268 1575 2507 1624 rerum
2554 1553 3061 1658 promissarum

921 1669 1264 1768 cupidus»,
1308 1684 1831 1742 sacramentum
1880 1669 2078 1767 petit.
2116 1674 2251 1742 Iste
2277 1668 2480 1761 facit,
2516 1685 2589 1745 et
2624 1696 2761 1784 pro
2786 1669 3061 1773 agendo

921 1787 1208 1883 negotio
1250 1784 1533 1858 obsides
1572 1785 1829 1884 querit.
1864 1783 1987 1858 Ille
2022 1785 2331 1858 multum
2370 1785 2727 1860 honorem
2764 1811 2921 1861 sese
2943 1785 3063 1858 ha-

920 1901 1238 1986 bituriam
1273 1900 1655 1990 arbitram,
1679 1900 1965 1978 obsides
2006 1896 2213 1974 dare
2216 1919 2369 1974 non
2390 1900 2683 1984 distulit.
2716 1907 2917 1992 Quos
2938 1903 3063 1994 iste

923 2035 1278 2119 receptos,
1313 2018 1614 2116 domum
1649 2017 1890 2109 duxit,
1934 2033 2007 2090 et
2046 2018 2291 2091 Odoni
2326 2019 2571 2092 omnia
2610 1998 2765 2096 liaec
2798 2017 3056 2092 retulit.

1283 2185 1535 2244 LXXVI.
1553 2177 1630 2232 ⁸-—
1646 2191 1893 2246 Pervasio
1916 2189 2227 2244 *miliduni
2250 2189 2283 2226 ¹⁸⁵
2316 2181 2383 2244 ab
2406 2189 2597 2245 Odone
2618 2192 2672 2247 'st
2708 2185 2715 2192 ⁶

1023 2309 1262 2382 Odoni
1313 2313 1548 2410 itaque
1601 2327 1676 2383 ut
1738 2294 1986 2410 coeptis
2041 2300 2272 2384 i‘nstet'
2311 2295 2585 2386 suadet.
2647 2316 2921 2398 Interea
2976 2312 3064 2384 ab

925 2427 1184 2502 Odone
1205 2429 1426 2528 copiae
1453 2427 1637 2502 clam
1663 2432 2037 2527 parantur.
2083 2443 2162 2500 ut
2188 2428 2499 2501 cas'tmm
2540 2428 2979 2528 ingrediatur
2997 2447 3065 2502 et

925 2533 1264 2642 optineat.
1299 2543 1566 2614 Paratis
1591 2558 1857 2656 autem,
1881 2555 2209 2643 tempore
2236 2537 2498 2619 statuto
2520 2569 2907 2642 aggi-essm,
2944 2569 3064 2643 ap-

923 2661 1100 2761 petit
1134 2674 1206 2732 et
1230 2660 1645 2759 ingreditur.
1678 2661 2126 2754 Proditorem
2144 2659 2474 2737 simulato
2502 2661 2740 2735 furore
2768 2662 3056 2750 inradit,

925 2792 996 2851 et
1021 2778 1286 2849 carceri
1325 2777 1706 2875 mancipat.
1743 2778 1885 2864 Qui
1910 2802 2059 2850 non
2099 2778 2326 2849 multo
2354 2792 2520 2876 post
2544 2801 2825 2849 carcere
2858 2778 3063 2849 emis-

921 2902 1078 2985 sus,
1109 2910 1551 2967 sacramento
1579 2920 1822 2967 coram
1852 2894 2079 2968 fidem
2118 2895 2317 2987 facit,
2368 2912 2442 2969 et
2479 2896 2735 2975 exinde
2760 2895 2856 2968 ad
2890 2898 3059 2969 resi-

921 3012 1256 3085 stendum
1279 3016 1446 3081 cum
1475 3009 1735 3083 Odone
1768 3035 1921 3083 sese
1946 3026 2172 3110 parat.
2203 3016 2377 3099 Quae
2410 3012 2653 3083 omnia
2678 3011 2783 3093 ad
2812 3037 3059 3109 regum

923 3152 1130 3204 aures
1165 3150 1336 3197 mox
1374 3126 1622 3199 delata
1647 3126 1989 3199 feruntur.
2038 3130 2258 3224 Reges
2296 3125 2387 3199 de
2431 3128 2638 3199 castri
2684 3128 3057 3199 amissione

923 3244 1266 3323 commoti
1281 3296 1300 3333 ‚
1366 3244 1440 3318 in
1491 3243 1730 3316 hostes
1782 3244 2037 3317 milites
2098 3260 2384 3343 paran13
2438 3223 2925 3357 proponentes
2968 3244 3057 3319 ab

921 3360 1294 3447 obsidione
1319 3382 1470 3430 non
1497 3384 1648 3432 sese
1673 3352 2107 3434 discessuros
2122 3416 2142 3451 ,
2174 3361 2411 3434 donec
2433 3378 2555 3435 aut
2578 3378 3055 3469 expugnatum

921 3479 1294 3607 recipiant,
1335 3491 1496 3567 aut,
1553 3479 1614 3548 si
1647 3502 1760 3549 res
1796 3484 2163 3577 exposcat,
2218 3493 2385 3551 cum
2419 3480 2625 3553 hoste
2655 3480 3055 3611 comminus

921 3588 1106 3684 vires
1129 3606 1222 3674 et·
1215 3614 1430 3695 ‘arma
1463 3592 1859 3664 conferant.
2314 3612 2321 3617 ·
2806 3603 2817 3615 “

1139 3852 1148 3861 ἡ
1183 3726 1190 3733 ’
1252 3756 1532 3821 Lxxvu.
1556 3799 1628 3811 —
1644 3772 1890 3834 Acoessm
1906 3772 1967 3805 ἢ
1992 3790 2174 3843 regum
2195 3771 2265 3825 ad
2287 3748 2613 3827 umam...
2632 3772 2715 3826 *ἡ

1018 3885 1282 3954 Paratis
1336 3886 1572 3982 itaque
1631 3887 1859 3985 copiis
1880 3941 1901 3977 ‚
1965 3903 2448 3985 expugnatum
2518 3886 2891 3959 accedunt.
2934 3892 3055 3957 -Et

918 4000 1086 4097 quia
1121 4015 1432 4071 castrum
1465 4001 2003 4075 circumfluente
2048 4006 2375 4101 Sequana
2414 4002 2882 4092 ambiebatur,
2918 4004 3051 4098 jpsi

985 4158 1018 4191 '⁸'
1055 4156 1228 4220 vasio,
1253 4154 1571 4219 ni,·abscisa.

989 4242 1052 4275 *ὓ
1087 4240 1200 4305 sus.
1227 4239 1292 4293 ad
1323 4240 1436 4291 Mili
1463 4240 1669 4293 abscisa.
