3459 5375
895 580 978 642 54
1602 580 1936 643 Ricflmu
1980 581 2130 642 LIB.
2177 554 2296 643 1i1.

1100 784 1298 839 xmx.
1323 814 1396 827 -
1415 786 1524 851 Qui
1549 786 1745 838 labor·
1781 786 1909 849 eun
1933 784 2310 838 mathematici.
2330 784 2362 819 ³
2394 784 2661 856 impmus
2682 785 2751 839 sit
2772 787 2824 837 ι.

997 944 1137 1017 Sed
1179 946 1330 1019 haec
1355 945 1448 1017 de
1483 946 1736 1045 logica.
1780 951 1861 1017 In
1899 944 2199 1019 mathesi
2240 969 2414 1016 vero
2459 959 2771 1042 quantus
2819 946 3040 1019 sudor

899 1086 1249 1161 expensus
1276 1064 1390 1153 sit,
1423 1088 1571 1134 non
1591 1064 2072 1160 incongruum
2094 1061 2329 1133 dicere
2356 1060 2661 1134 videtur.
2693 1063 3040 1137 Arithme·

902 1180 1114 1252 ticam
1147 1180 1366 1271 enim,
1408 1205 1565 1278 quae
1591 1195 1695 1252 est
1721 1180 2122 1252 matheseos
2147 1180 2403 1280 prima,
2437 1180 2761 1281 inprimis
2797 1181 3037 1283 dispo·

902 1296 1047 1369 sitis
1084 1295 1675 1370 accommodavit.
1719 1296 1897 1369 Inde
1932 1298 2143 1369 etiam
2187 1297 2560 1387 musicam,
2602 1296 2829 1369 multo
2874 1313 3039 1370 ante

901 1412 1142 1485 Galliis
1191 1415 1534 1511 ignotam,
1593 1415 2037 1485 notissimam
2076 1413 2329 1486 effecit.
2386 1413 2603 1510 Cujus
2654 1439 2911 1511 genera
2966 1416 3043 1487 in

903 1530 1356 1601 monocordo
1398 1529 1814 1629 disponenS,
1856 1555 2109 1603 eorum
2148 1531 2653 1604 consonantias
2692 1532 2837 1605 sive
2872 1532 3043 1603 sim·

902 1645 1208 1746 phonias
1231 1648 1308 1718 in
1345 1648 1534 1718 tonis
1555 1672 1640 1745 ac
1662 1649 2078 1740 semitoniis,
2112 1648 2376 1721 ditonis
2411 1671 2701 1746 quoque
2735 1674 2820 1721 ac
2846 1649 3047 1721 diesi·

903 1762 1038 1835 bus
1061 1762 1524 1861 distinguenS,
1553 1780 1907 1863 tonosque
1943 1766 2017 1836 in
2042 1766 2234 1837 sonis
2268 1763 2777 1837 rationabiliter
2812 1764 3043 1837 distri-

904 1879 1156 1974 buenS,
1188 1883 1261 1955 in
1289 1882 1772 1982 plenissimam
1800 1883 2123 1955 notitiam
2150 1882 2441 1980 redegit.

1358 2097 1422 2150 L.
1450 2127 1524 2139 -
1545 2098 1719 2169 Spei-m
1736 2097 1799 2133 ἣ
1837 2096 2015 2151 solidae
2030 2096 2097 2131 *³*
2133 2096 2445 2168 compositio
2470 2096 2553 2147 ἥ.

1008 2244 1212 2314 Ratio
1259 2268 1434 2315 vero
1480 2234 1929 2317 astronomiae
1976 2256 2246 2342 quanto
2286 2241 2550 2316 sudore
2594 2240 2893 2313 collecta
2932 2241 3045 2333 sit,

909 2359 1148 2429 dicere
1186 2359 1436 2432 inutile
1470 2385 1622 2432 non
1657 2377 1789 2453 est,
1822 2377 1903 2433 ut
1940 2376 2011 2433 et
2053 2361 2231 2435 tanti
2276 2360 2410 2431 viri
2434 2359 2770 2457 sagacitas
2804 2358 3053 2433 adver-

907 2489 1120 2565 tatur,
1163 2490 1234 2547 et
1277 2477 1446 2547 artis
1479 2476 1793 2549 efficacia
1826 2476 2055 2549 lector
2083 2476 2664 2579 commodissime
2700 2476 3041 2578 capiatur.

909 2596 1083 2678 Quae
1118 2615 1284 2663 cum
1320 2601 1506 2691 pene
1553 2592 2049 2667 intellectibilis
2091 2594 2205 2685 sit,
2246 2608 2485 2666 tamen
2536 2617 2685 2665 non
2730 2593 2882 2665 sine
2922 2592 3049 2663 ad·

911 2709 1285 2782 miratione
1359 2709 1790 2808 quibusdam
1861 2713 2349 2784 instrumentis
2408 2710 2502 2782 ad
2566 2711 3050 2808 cognitionem

909 2824 1225 2899 adduxit.
1281 2827 1614 2926 Inprimis
1663 2829 1857 2900 enim
1915 2828 2169 2900 mundi
2213 2851 2497 2927 speram
2548 2851 2636 2899 ex
2684 2825 2915 2898 solido
2966 2849 3051 2897 ac

907 2942 1222 3015 rotundo
1248 2942 1443 3040 ligno
1471 2959 2029 3041 argumentatuS,
2062 2943 2360 3036 minoris
2388 2942 2870 3034 similitudine,
2903 2966 3051 3014 ma·

901 3061 1137 3157 jorem
1184 3061 1547 3160 expressit.
1590 3063 1827 3147 Quam
1864 3085 2033 3132 cum
2067 3059 2355 3132 duobus
2380 3058 2565 3159 polis
2608 3060 2682 3130 in
2729 3057 3049 3130 orizonte

910 3176 1333 3275 obliquaret,
1368 3179 1567 3275 signa
1613 3175 2213 3280 septemtrionalia
2248 3175 2421 3278 polo
2458 3174 2788 3248 erectiori
2819 3171 3042 3262 dedit,

905 3294 1234 3367 australia
1289 3319 1464 3367 vero
1523 3293 1891 3390 dejectiori
1945 3292 2293 3364 adhibuit.
2355 3291 2573 3388 Cujus
2616 3289 3049 3389 positionem

905 3436 993 3484 eo
1031 3411 1298 3485 circulo
1321 3412 1525 3503 rexit,
1564 3411 1689 3509 qui
1725 3436 1767 3482 a
1792 3410 2051 3482 Graecis
2078 3409 2354 3500 orizon,
2384 3433 2427 3481 a
2452 3407 2715 3481 Latinis
2737 3406 3049 3478 limitans

903 3529 1050 3602 sive
1091 3529 1573 3601 determinans
1600 3525 2021 3628 appellatur,
2066 3551 2153 3598 eo
2190 3525 2389 3624 quod
2424 3525 2501 3596 in
2541 3549 2629 3598 eo
2657 3525 2853 3621 signa
2888 3547 3049 3620 quae

899 3645 1234 3718 videntur
1258 3645 1350 3717 ab
1389 3645 1501 3716 his
1526 3670 1684 3743 quae
1710 3670 1861 3717 non
1889 3644 2221 3716 videntur
2244 3643 2629 3741 distinguat
2653 3668 2737 3714 ac
2764 3641 3038 3713 limitet.

899 3767 1057 3849 Qua
1091 3764 1168 3834 in
1194 3763 1512 3834 orizonte
1553 3764 1653 3850 sic
1691 3761 2061 3852 collocata,
2097 3773 2174 3833 ut
2213 3775 2286 3832 et
2320 3773 2562 3830 ortum
2602 3772 2673 3830 et
2712 3779 3047 3828 occasum

896 3878 1262 3976 signorum
1295 3879 1559 3951 utiliter
1584 3904 1669 3951 ac
1713 3876 2177 3977 probabiliter
2208 3877 2753 3965 demonstraret,
2802 3897 3043 3945 rerum

896 4007 1179 4065 naturas
1223 3994 1579 4093 dispositis
1627 3995 2036 4084 insinuavit,
2081 3994 2519 4091 instituitque
2554 3994 2629 4064 in
2675 3992 3043 4090 signorum

963 4236 996 4271 ¹*
1031 4237 1132 4288 bor
1151 4276 1168 4302 ,
1200 4236 1358 4288 emati
1377 4275 1392 4300 ,
1428 4235 1472 4288 it
1499 4234 1632 4288 absc.

963 4321 1026 4355 *¹*
1064 4339 1116 4386 s,
1149 4339 1241 4386 so,
1269 4337 1426 4390 comp
1449 4319 1583 4372 absc.
