3459 5375
885 482 1000 543 158
1603 478 1936 541 RICHERI
1981 478 2136 540 LIB.
2185 480 2294 539 lv.

884 643 918 681 «
960 608 1141 683 detis
1159 663 1181 701 ,
1222 609 1591 707 quomodo
1636 610 1918 683 bonum
1964 611 2538 711 contempnetis?
2581 612 2724 685 Sed
2764 614 3011 711 talibus

884 759 919 796 α
962 727 1138 827 quid
1172 728 1667 799 interminatur
1682 729 1856 827 ipsa
1879 728 2278 801 Divinitas?
2305 733 2524 801 -Vae
2546 783 2566 819 ,
2597 729 2832 828 inquit
2848 785 2867 823 ‚
2897 738 3014 833 qui

885 876 921 914 α
967 845 1198 917 dicitis
1266 844 1536 928 malum
1597 844 1874 918 bonum
1893 897 1912 936 ,
1985 844 2262 917 bonum
2309 845 2578 919 malum
2596 900 2616 938 ,
2675 866 3013 945 ponentes

886 995 924 1035 «
966 964 1201 1037 lucem
1243 961 1605 1055 tenebras,
1668 978 1742 1035 et
1801 962 2127 1036 tenebras
2183 963 2441 1036 lucem.
2475 1004 2576 1017 —
2597 968 3013 1040 Promovete

888 1109 927 1149 α
966 1082 1179 1178 igitur
1210 1080 1415 1151 vobis
1454 1079 1751 1169 ducem,
1795 1093 1957 1151 actu
1981 1134 2000 1170 ‚
2040 1078 2410 1151 nobilitate
2430 1133 2449 1171 ,
2482 1082 2704 1179 copiis
2729 1082 3016 1155 clarissi-

883 1229 923 1266 «
966 1222 1168 1269 mum
1190 1251 1210 1289 ,
1252 1223 1469 1295 quem
1504 1222 1655 1269 non
1690 1197 1925 1269 solum
1971 1197 2420 1300 reipublicae,
2452 1199 2578 1270 sed
2613 1214 2684 1271 et
2720 1200 3019 1299 privata-

882 1344 920 1383 «
965 1340 1127 1397 rum
1158 1340 1399 1386 rerum
1436 1329 1746 1386 tutorem
1767 1316 2160 1387 invenietis.
2193 1320 2220 1385 1
2226 1341 2354 1414 psa
2373 1316 2526 1412 ejus
2548 1316 3020 1391 benivolentia

885 1460 921 1501 «
963 1430 1279 1523 favente,
1322 1457 1489 1505 eum
1508 1457 1643 1531 pro
1669 1448 1870 1531 patre
1894 1431 2266 1505 habebitis.
2312 1435 2488 1520 Quis
2513 1434 2708 1505 enim
2731 1434 2826 1507 ad
2857 1461 3016 1509 eum

884 1578 920 1616 α
962 1548 1311 1645 confugit,
1352 1563 1425 1621 et
1456 1550 1934 1648 patrocinium
1953 1564 2122 1621 'non
2156 1550 2473 1623 invenit?
2515 1552 2692 1639 Quis
2729 1577 3018 1627 suorum

885 1692 921 1731 «
963 1662 1235 1735 auxiliis
1262 1662 1666 1756 destitutus,
1698 1688 1830 1764 per
1855 1688 2022 1736 eum
2043 1666 2188 1737 suis
2215 1690 2364 1737 non
2387 1667 2746 1761 restitutus
2781 1667 2951 1739 fuit?
2978 1698 3012 1737 ι)

1386 2218 1615 2271 x¹1.-
1640 2220 1912 2273 Promotio
1934 2219 2174 2290 Hugonis
2199 2220 2256 2272 in
2278 2236 2518 2290 mgnum.

983 2390 1133 2457 Hac
1180 2386 1530 2457 sententia
1572 2384 2022 2485 promulgata
2069 2398 2140 2455 et
2181 2382 2273 2455 ab
2317 2384 2654 2457 omnibus
2699 2384 3018 2477 laudata,

884 2503 1033 2576 dux
1065 2504 1391 2574 omnium
1438 2527 1792 2575 consensu
1823 2504 1899 2574 in
1933 2523 2236 2599 regnum
2267 2519 2756 2601 promovetur,
2801 2518 2874 2575 et
2905 2518 3026 2602 per

885 2617 1519 2718 metropolitanum
1592 2618 1910 2726 aliosque
1973 2619 2346 2719 episcopos
2422 2622 2752 2695 Noviomi
2826 2646 3022 2696 coro-

886 2752 1130 2826 natuS,
1180 2735 1400 2808 Gallis
1420 2789 1442 2826 ‚
1508 2737 1888 2808 Brittannis
1908 2791 1926 2828 ‚
1969 2735 2190 2810 Dahis
2208 2792 2227 2828 ‚
2289 2732 2652 2835 Aquitanis
2672 2794 2691 2829 ‚
2732 2737 2985 2810 Gothis
3003 2793 3022 2830 ,

886 2855 1248 2954 HispaniS,
1278 2853 1753 2927 Wa‘soonibus
1773 2910 1792 2946 ‚
1820 2879 1946 2926 rex
1975 2857 1992 2892 ¹
2021 2856 2361 2927 Kalendis
2378 2845 2538 2952 jun.
2571 2835 3023 2954 praerogatur.

884 2971 1200 3070 ⁹Stipatus
1227 2970 1467 3068 itaque
1489 2995 1876 3068 regnorum
1918 2969 2354 3071 principibus
2369 3025 2389 3062 ‚
2415 2995 2636 3046 more
2661 2973 2860 3070 regio
2912 2971 3030 3044 de-

888 3101 1083 3158 creta
1118 3086 1283 3161 fecit
1300 3139 1319 3177 ,
1372 3085 1704 3184 legesque
1758 3087 2116 3182 condidit,
2189 3087 2370 3159 felici
2417 3112 2744 3160 successu
2796 3089 3033 3160 omnia

888 3202 1265 3294 ordinans,
1298 3219 1511 3300 atque
1548 3191 2000 3292 distribuens.
2048 3207 2138 3274 Et
2165 3219 2244 3276 ut
2266 3187 2687 3276 beatitudini
2713 3229 2860 3276 suae
2894 3229 3031 3276 res—

889 3317 1245 3417 ponderet
1270 3373 1289 3409 ,
1322 3318 1550 3412 multo
1594 3342 1922 3392 successu
1949 3344 2190 3390 rerum
2223 3318 3026 3409 secundarumlevatus,

888 3436 983 3508 ad
1016 3435 1316 3507 multam
1354 3437 1689 3533 pietatem
1724 3435 2059 3508 intendit.
2118 3441 2353 3534 thue
2399 3451 2564 3535 post
2623 3436 2730 3508 sui
2783 3435 3036 3508 disces-

890 3578 1048 3626 sum
1081 3577 1124 3623 a
1144 3554 1285 3624 vita
1304 3553 1331 3644 ‚'
1365 3552 1706 3664 heredem
1739 3568 2014 3628 certum
2038 3553 2113 3625 in
2139 3577 2360 3650 regno
2381 3553 2816 3650 relinqu-eret
2837 3608 2856 3644 ,
2888 3571 3034 3625 sese

884 3668 1293 3752 consultum
1338 3696 1507 3743 cum
1543 3663 1983 3770 principibus
2034 3669 2370 3742 contulit·
2351 3723 2373 3760 ‚
2423 3684 2520 3761 et,
2569 3669 2832 3742 collato
2871 3693 3032 3740 cum

892 3786 1003 3857 eis
1026 3787 1368 3880 consilio,
1416 3791 1801 3860 Remorum
1843 3782 2475 3886 metropolitanum
2521 3786 2912 3858 Aurelianis
2944 3785 3032 3858 de

892 3906 1347 4002 promotione
1382 3905 1510 3978 filii
1544 3907 1654 3979 sui
1681 3906 2052 3978 Rotberti
2033 3931 2106 3977 ιιι
2142 3929 2444 4004 regnum
2469 3904 2668 4004 prius
2690 3929 2820 4005 per
2851 3903 3035 4001 lega-

894 4035 1045 4110 tOS,
1083 4038 1247 4120 post
1298 4049 1427 4120 per
1462 4049 1615 4109 sese
1665 4049 1852 4096 conv
1855 4023 2023 4104 enit.
2067 4024 2200 4096 Cui
2235 4047 2402 4095 eum
2447 4019 3034 4142 metropolitanus

970 4237 984 4266 ¹
1026 4257 1071 4289 r.
1104 4240 1171 4290 ab
1196 4239 1441 4292 omnibus
1468 4237 1617 4292 delet.
1646 4205 1651 4213 ⁵
