3459 5375
933 529 1048 591 18⁸2
1627 531 1959 594 RICHERI
2003 536 2151 596 LIB.
2198 537 2306 598 IV.

927 689 962 726 α
1003 659 1173 731 dere
1199 661 1264 731 ei
1288 662 1767 759 episcopatum
1804 686 1952 735 non
1977 663 2273 762 pigebit3
2304 667 2401 738 ita
2425 681 2661 740 tamen
2685 685 2763 742 ut
2786 695 3033 746 secun-ff

923 805 959 842 u
1001 775 1174 847 dum
1218 776 1676 876 prudentium
1723 777 2243 852 ordinationem
2259 835 2279 872 ,
2326 786 2746 858 sacramenti
2792 805 3031 861 aucto-

921 921 958 962 «
1003 892 1204 964 ritate
1227 891 1402 964 mihi
1428 917 1740 965 conexus
1774 894 1885 965 sit.
1928 923 1963 961 »

1475 1089 1682 1144 mx.
1701 1121 1776 1134 -
1795 1092 2151 1164 cirographi*
2180 1093 2452 1165 mptum.

2341 1189 2353 1216 .

1009 1267 1046 1307 α
1087 1241 1177 1308 Et
1223 1251 1306 1308 ut
1352 1238 1632 1334 penitus
1685 1237 1939 1308 mentis
1986 1254 2409 1335 conceptum
2458 1243 2769 1337 aperiam
2785 1296 2806 1333 ‚
2862 1261 3025 1343 post

911 1385 947 1429 κ
982 1353 1353 1450 jurationis
1379 1368 1898 1426 sacramentum
1916 1407 1936 1445 ,
1969 1353 2463 1455 cirographum
2489 1356 2579 1428 ab
2604 1383 2692 1430 eo
2718 1359 3025 1432 scriben-

911 1499 948 1552 ‹<
991 1468 1165 1539 dum
1200 1482 1376 1566 puto
1396 1521 1416 1558 ,
1448 1468 1524 1538 in
1549 1492 1695 1566 quo
1723 1469 2231 1542 maledictionis
2267 1471 2643 1546 anathema
2684 1474 3029 1550 habeatur

911 1613 948 1654 ι(
989 1583 1398 1680 hujusmodi
1422 1637 1442 1674 ,
1483 1582 1678 1681 quod
1717 1585 1785 1655 ei
1809 1585 2253 1683 impraecetur
2277 1611 2410 1685 pro
2438 1588 2755 1662 felicibus
2776 1609 3025 1665 contu-

913 1729 950 1770 «
990 1700 1278 1772 meliosa
1299 1753 1321 1793 ,
1377 1724 1511 1800 pro
1563 1699 1977 1773 salutaribus
2046 1702 2427 1800 pernitiosa
2446 1757 2467 1794 ‚
2522 1730 2655 1803 pro
2714 1706 3029 1780 honestis

912 1846 949 1885 κ
991 1819 1224 1914 turpia
1241 1869 1263 1908 ,
1307 1841 1442 1914 pro
1468 1815 1926 1888 diuturnitate
1951 1831 2296 1916 punctum
2313 1873 2333 1910 ,
2373 1845 2507 1918 pro
2542 1819 2820 1894 honore
2858 1847 3029 1895 con-

913 1963 950 2002 α
991 1947 1339 2032 temptum
1356 1986 1376 2023 ,
1432 1947 1540 2023 et,
1573 1946 1654 2004 ut
1684 1947 1917 2004 totum
1964 1932 2455 2024 concludatur,
2510 1959 2641 2032 pro
2695 1935 3027 2010 omnibus

913 2078 950 2118 ι(
988 2047 1198 2121 bonis
1225 2049 1468 2120 omnia
1503 2047 1711 2120 mala.
1754 2047 1969 2136 Quod
1993 2050 2205 2121 etiam
2229 2049 2637 2149 bipertitum
2680 2051 2831 2124 fieri
2867 2053 3021 2152 pla-

914 2197 951 2234 «
993 2180 1138 2257 cet3
1165 2165 1465 2238 alterum
1487 2165 1699 2256 mihi,
1731 2165 1863 2237 sibi
1888 2166 2185 2238 alterum
2212 2167 2664 2240 concedatur.
2690 2170 3025 2256 Quando-

913 2313 950 2350 «
991 2306 1132 2380 que
1153 2282 1364 2354 etiam
1385 2282 1526 2354 hoc
1547 2281 1648 2353 illi
1669 2281 2053 2354 calumnias
2076 2284 2346 2380 ingeret
2362 2337 2382 2374 ,
2415 2285 2473 2355 si
2495 2286 2791 2382 turpiter
2813 2311 2857 2357 a
2882 2285 3024 2359 fide

914 2427 950 2466 α
993 2397 1319 2470 declinet.
1359 2425 1395 2466 >2
1437 2403 1586 2469 Hac
1619 2399 2065 2497 promulgata
2102 2401 2443 2472 sententia
2456 2454 2475 2491 ,
2522 2400 2593 2472 id
2634 2403 2729 2472 ita
2769 2401 3024 2473 facien-

910 2514 1086 2586 dum
1122 2514 1213 2586 ab
1238 2512 1568 2585 omnibus
1591 2501 1959 2587 laudatum
1996 2529 2122 2587 est.
2165 2516 2488 2588 Procedit
2510 2518 2745 2614 itaque
2779 2517 3023 2589 Amul-

909 2629 1020 2703 fiis
1065 2652 1331 2702 coram.
1367 2629 1440 2700 Si
1483 2629 1558 2702 id
1591 2630 1957 2701 inventum
2004 2629 2243 2703 laudet
2259 2683 2278 2721 ,
2310 2631 2719 2703 consulitur.
2776 2635 2881 2703 An
2926 2633 3025 2705 sic

911 2747 1243 2845 suscipiat
1263 2745 1461 2843 quod
1482 2746 1657 2843 petit
1676 2799 1695 2836 ,
1742 2746 2148 2817 sciscitatur.
2202 2745 2325 2816 Ille
2362 2747 2655 2827 honoris
2679 2745 2977 2844 cupidus
2996 2802 3016 2837 ‚

911 2865 1280 2935 inventum
1324 2860 1566 2933 laudat
1581 2915 1601 2952 ,
1643 2886 1793 2934 sese
1842 2862 1939 2933 sic
1986 2884 2194 2960 posse
2240 2863 2593 2961 suscipere
2645 2876 3013 2934 asseverat.

910 2982 1151 3051 ,Iussus
1209 2979 1444 3076 itaque
1495 2977 1993 3077 cirographum
2039 2976 2449 3078 bipertitum
2500 2978 2799 3061 notavit.
2855 2982 3021 3077 Regi

911 3096 1208 3168 alterum
1223 3148 1245 3187 ,
1274 3093 1574 3187 alterum
1599 3092 1730 3164 sibi
1764 3094 2085 3173 servavit.

1293 3282 1470 3337 m.
1494 3312 1567 3324 -
1586 3282 1881 3335 Eukaristia
1899 3282 1963 3318 *θ
1989 3300 2142 3335 causa
2163 3281 2469 3354 perditionis
2495 3281 2637 3336 data.

1003 3429 1217 3519 Quod
1241 3452 1409 3503 cum
1425 3430 1573 3527 regi
1595 3428 1877 3526 penitus
1917 3426 2266 3499 sufficeret
2283 3482 2302 3518 ,
2354 3427 2696 3526 episcopis
2734 3440 2968 3515 tamen
2987 3480 3008 3519 ‚

906 3562 988 3618 ut
1018 3544 1260 3635 fertur,
1289 3570 1439 3617 non
1471 3545 1633 3629 satis
1657 3544 1731 3625 id
1752 3544 1981 3616 visum
2016 3559 2150 3633 est,
2191 3543 2323 3615 nisi
2346 3540 2523 3613 illud
2556 3542 2766 3616 etiam
2800 3539 3014 3613 adde-

905 3676 1122 3749 retur,
1156 3675 1236 3733 ut
1259 3662 1328 3731 in
1357 3661 1729 3737 missarum
1766 3658 2234 3739 celebratione
2269 3657 2713 3729 eukaristiam
2738 3680 2781 3727 a
2801 3679 3017 3727 sacer-

907 3778 1073 3850 dote
1105 3792 1442 3869 sumeret,
1489 3801 1786 3875 eamque
1823 3775 2239 3875 perditionis
2286 3798 2569 3846 causam
2610 3772 2743 3844 sibi
2786 3772 3017 3869 inpre-

906 3891 1137 3965 cando
1201 3918 1441 3965 coram
1510 3908 1785 3992 optaret
1800 3947 1820 3984 ,
1894 3893 1953 3964 si
2009 3890 2230 3963 fidem
2284 3888 2617 3961 violando
2676 3912 3014 3985 umquam

907 4008 1223 4095 desertor
1281 4008 1500 4079 fieret.
1559 4007 1773 4097 Quod
1827 4025 1898 4080 et
1946 4007 2205 4080 factum
2254 4005 2403 4079 fuit.
2460 4010 2638 4078 Nam
2688 4003 3017 4089 sacerdos

973 4196 1005 4231 ¹¹
1043 4194 1134 4249 Cir
1155 4196 1328 4248 αὐτοῦ.

973 4285 1036 4338 ἵ*
1071 4286 1116 4355 Ε
1146 4284 1317 4356 ᾳρἑσὶέ·
