3459 5375
800 524 881 582 20
1488 520 1817 585 manRl
1862 522 2011 585 LlB.
2058 522 2175 585 111.

798 666 904 723 tra
949 674 1196 723 omnes
1245 644 1342 723 et
1371 669 1858 752 suscepturum
1902 668 1974 725 et
2018 654 2471 726 defensurum
2518 654 2901 752 respoudit,

797 768 1010 855 Quod
1055 768 1267 840 etiam
1317 768 1614 841 multam
1647 768 1778 841 sibi
1823 769 2022 843 ducis
2070 770 2407 843 invidiam
2451 772 2901 869 comparavit.

1778 1304 1931 1357 xlx.

889 1451 1274 1523 Ordinatur
1306 1453 1542 1548 itaque
1581 1455 1655 1523 in
1699 1452 1986 1523 basilica
2024 1453 2243 1522 sancti
2290 1454 2577 1549 Remigii
2630 1454 2720 1524 ab
2768 1455 2913 1552 epi-

792 1567 1022 1665 scopis
1044 1567 1402 1637 Remensis
1437 1564 1851 1663 metropolis
1883 1564 2317 1636 diocesaneis
2334 1618 2355 1655 ,
2395 1564 2704 1637 Widone
2738 1567 2913 1637 scili—

791 1696 903 1754 cet
951 1680 1371 1753 Suessonico
1391 1736 1410 1772 ,
1475 1682 1825 1753 Roricone
1882 1679 2333 1753 Laudunensi
2352 1735 2373 1773 ,
2426 1680 2739 1752 Gibuino
2788 1685 2915 1752 Ca-

791 1796 1142 1906 talaunico
1174 1850 1194 1887 ‚
1285 1796 1588 1868 Hadulfo
1665 1796 2121 1869 Noviomensi
2154 1796 2171 1833 ⁴
2202 1852 2223 1887 ,
2305 1812 2515 1896 atque
2572 1796 2913 1869 Wicsrido

790 1910 1239 1984 virdunensi.
1297 1914 1685 2007 Factusque
1721 1911 1973 2009 praesul
1992 1964 2012 2001 ,
2062 1934 2231 1983 mox
2267 1913 2583 1984 tirannos
2598 1904 2603 1909 ’
2617 1914 2741 2009 qui
2776 1910 2915 1985 suae
3034 1926 3037 1929 ’

789 2028 1114 2101 aecclesiae
1169 2052 1280 2099 res
1341 2042 1794 2125 pervaserant
1814 2080 1837 2119 ,
1906 2042 1985 2098 ut
2042 2026 2135 2098 ad
2184 2028 2749 2101 satisfaciendum
2807 2055 2915 2101 re-

789 2145 1005 2219 deant
1022 2198 1043 2237 ,
1085 2144 1244 2240 jure
1281 2142 1768 2215 aecclesiastico
1804 2142 2126 2215 advocat.
2162 2148 2385 2241 Atque
2424 2142 2591 2215 inde
2608 2168 2745 2241 per
2771 2158 2912 2215 tres

793 2262 1068 2333 dierum
1103 2257 1590 2356 quadragenas
1630 2259 1978 2331 concessit
2010 2283 2164 2331 esse
2204 2259 2747 2333 consulendum.

1788 2442 1911 2495 XX.

889 2572 1190 2644 Evoluto
1227 2594 1398 2643 vero
1432 2586 1756 2669 tempore
1769 2623 1792 2662 ,
1830 2569 2249 2643 Tetbaldum
2283 2571 2711 2641 Turonicum
2752 2592 2915 2639 cum

793 2689 945 2763 aliis
977 2712 1214 2761 rerum
1259 2687 1900 2761 aecclesiasticarum
1945 2683 2438 2787 pervasoribus
2474 2684 2915 2757 anathemate

794 2805 1107 2878 damnat.
1143 2807 1311 2876 Post
1341 2828 1494 2876 non
1517 2804 1781 2876 multos
1806 2817 2046 2874 autem
2070 2801 2245 2892 dies»,
2272 2801 2658 2900 penitentia
2682 2799 2875 2872 ducti
2890 2855 2910 2890 ,

797 2920 890 2994 ad
934 2918 1306 3019 praesulem
1351 2918 1763 2990 satisfacturi
1808 2917 2110 2989 redeunt
2127 2969 2147 3005 ‚
2202 2931 2413 3014 atque
2444 2941 2559 2989 res
2592 2940 2918 3014 pervasas

797 3037 1108 3134 legaliter
1147 3033 1479 3108 reddunt.
1554 3033 1821 3132 Recipit
1876 3035 2111 3130 itaque
2170 3032 2477 3104 domnus
2526 3031 2779 3130 praesul
2826 3029 2917 3102 ab

799 3149 1168 3222 Heriberto
1225 3147 1516 3245 quidem
1567 3149 2003 3246 sparnacum
2060 3149 2294 3218 vicum
2342 3145 2775 3246 populosum
2836 3169 2917 3216 ac

799 3265 1242 3364 opulentum,
1281 3261 1373 3336 ab
1404 3261 1743 3336 Tetbaldo
1768 3287 1937 3336 vero
1960 3278 2267 3335 castrum
2288 3263 2741 3334 Codiciacum
2768 3280 2919 3332 eos-

801 3404 940 3479 que
990 3404 1035 3452 a
1076 3377 1362 3450 vinculo
1397 3377 1863 3451 anathematis
1909 3378 2229 3450 absolvit.
2274 3383 2360 3450 Et
2399 3377 2715 3449 Tetbaldi
2762 3378 2915 3474 qui-

802 3496 968 3570 dem
1005 3495 1149 3567 filio
1168 3549 1186 3586 ,
1228 3495 1352 3591 qui
1386 3517 1536 3566 sese
1571 3493 1705 3566 sibi
1738 3496 2189 3567 commiserat
2239 3493 2732 3582 militaturum,
2774 3517 2921 3564 cas-

804 3629 992 3687 trum
1025 3612 1158 3685 sub
1191 3609 1602 3683 conditione
1635 3609 1994 3683 servandae
2032 3609 2381 3684 fidelitatis
2416 3605 2763 3681 concedit.

1786 3782 1937 3834 XXI.

905 3915 1066 3998 Quo
1092 3910 1304 3981 etiam
1343 3924 1659 4007 tempore
1689 3909 2040 3998 Amulius,
2078 3907 2515 3979 Morinorum
2550 3906 2875 4002 princeps
2898 3957 2913 3981 ‚

809 4028 942 4100 hac
979 4027 1120 4098 vita
1154 4025 1469 4098 decessit.
1531 4025 1744 4120 Cujus
1787 4041 2043 4097 terram
2088 4021 2454 4093 Lotharius
2495 4045 2615 4091 rex
2662 4020 2926 4114 ingres·

879 4231 894 4260 ¹
935 4231 1002 4281 N.
1030 4229 1236 4296 aliisque
1261 4225 1524 4282 nonnullis
1555 4224 1730 4276 deleta.
