3459 5375
903 571 1026 650 252
1283 657 1288 664 ‚
1627 581 1963 654 monem
2010 583 2159 646 Lm.
2206 584 2315 644 ιν.

896 729 1356 816 pern-actam,
1389 713 1682 787 tandem
1699 714 1947 786 maluit
1966 715 2300 813 gradibus
2315 709 2607 816 privari,
2640 741 2857 814 quam
2878 741 3023 790 ana-

897 834 1208 906 themate
1247 845 1595 933 perpetuo
1631 832 1881 904 teneri.
1924 835 2013 902 Et
2038 856 2240 921 mox,
2272 833 2773 932 episcoporum
2800 832 3025 927 jussu,

900 947 1334 1022 indumentis
1353 946 1907 1020 sacerdotalibus
1931 949 2247 1020 vestitur.
2280 953 2454 1036 Quae
2468 948 2743 1047 singula
2765 947 3031 1046 absque

897 1065 1040 1138 ulla
1061 1055 1509 1138 miseratione
1525 1063 2005 1156 detrahentes,
2032 1067 2099 1138 ei
2112 1066 2367 1163 singuli
2383 1065 2716 1140 dicebant
2734 1099 2751 1138 a
2772 1095 2808 1134 <c
2824 1070 3035 1141 Cessa

903 1214 940 1251 α
985 1179 1077 1254 ab
1111 1181 1351 1255 officio
1401 1197 1551 1254 tu0.
1583 1210 1619 1249 »
1659 1182 2037 1255 Laicorum
2069 1207 2239 1280 ergo
2276 1197 2555 1261 tantum
2588 1183 3031 1255 communio-

899 1325 1070 1372 nem
1103 1283 1172 1372 ei
1194 1297 1574 1372 reddentes
1587 1352 1607 1390 ‚
1639 1298 1843 1371 illum
1860 1301 2267 1398 penitentiae
2290 1300 2605 1372 subdunt
2624 1353 2645 1390 ,
2685 1316 2899 1398 atque
2932 1301 3031 1372 sic

897 1440 938 1488 a
975 1414 1232 1490 sinodo
1279 1415 1494 1486 soluti
1542 1429 1730 1487 sunt.
1784 1415 1859 1486 Si
1902 1416 2061 1513 quis
2092 1431 2333 1488 autem
2376 1415 2657 1514 plenius
2688 1415 2869 1488 scire
2904 1439 3029 1486 vo-

896 1531 1143 1622 luerit,
1193 1530 1372 1629 quid
1412 1532 1712 1630 quisque
1764 1517 2015 1604 eorum
2062 1530 2154 1604 de
2194 1532 2591 1604 canonibus
2640 1547 2711 1606 et
2750 1547 3035 1631 patrum

898 1648 1198 1734 decretis
1236 1649 1312 1720 in
1357 1647 1662 1738 concilio
1689 1647 2063 1747 protulerit
2079 1703 2100 1740 ‚
2133 1649 2307 1747 quid
2340 1675 2633 1748 quoque
2670 1649 2761 1728 ab
2794 1650 2895 1721 eis
2936 1649 3035 1720 ibi

898 1763 1288 1835 sanccitum
1303 1764 1425 1853 sit,
1453 1761 1628 1860 quid
1647 1765 1863 1834 etiam
1879 1789 1925 1842 a,
1939 1763 2220 1862 regibus
2246 1778 2319 1836 et
2338 1765 2686 1864 episcopis
2714 1767 3059 1854 Romano!

895 1877 1217 1978 pontifici
1234 1879 1582 1952 directum
1606 1935 1626 1970 ,
1650 1879 1911 1977 quibus
1933 1906 2221 1980 quoque
2247 1905 2619 1964 causarum
2647 1880 3037 1954 rationibus

897 1995 1168 2068 Arnulfi
1204 1995 1555 2070 abdicatio
1600 1994 1935 2069 roborata
1970 2013 2076 2069 est
2094 2051 2114 2089 ‚
2160 1997 2345 2095 legat
2376 1997 2640 2069 librum
2683 1995 2934 2069 domni
2970 2011 3039 2070 et

894 2112 1474 2212 incomparabilis
1485 2112 1620 2184 viri
1633 2111 1997 2202 ‘Ga-berti,
2018 2111 2231 2209 hujus
2244 2111 2513 2185 Arnulfi
2535 2113 2611 2186 in
2628 2113 3037 2213 episcopatu

899 2230 1324 2302 successoris
1345 2283 1365 2320 ,
1419 2229 1560 2326 qui
1588 2229 1831 2300 omnia
1872 2228 2023 2302 haec
2073 2228 2345 2328 digesta
2391 2231 2765 2302 continens
2781 2283 2803 2320 ,
2860 2230 3039 2300 mira

897 2344 1318 2443 eloquentiae
1351 2346 1687 2432 suavitate
1711 2345 2033 2418 Tulliano
2059 2345 2343 2444 eloquio
2371 2361 2845 2444 comparatur.
2890 2345 3035 2418 Ob-

887 2447 1313 2558 jectionibus
1338 2485 1648 2558 namque
1671 2475 1744 2533 et
1771 2461 2381 2559 responsionibuS,
2410 2443 3037 2558 conquestionibus

901 2591 1113 2674 atque
1163 2577 1606 2650 orationibus
1623 2630 1642 2667 ‚
1693 2576 2090 2666 invectivis,
2136 2577 2697 2676 conjecturisque
2738 2590 2812 2647 et
2854 2575 3033 2646 diffi-

899 2694 1292 2768 nitionibus
1352 2695 1661 2794 repletus
1679 2748 1698 2785 ‚
1771 2694 2322 2768 luculentissime
2380 2718 2465 2766 ac
2537 2690 3037 2766 rationabiliter

897 2812 1296 2910 proponit,·
1341 2812 1664 2903 assumit,
1719 2826 1936 2915 ¹atque
1996 2809 2381 2883 concludit.
2433 2810 2575 2897 Qui
2617 2833 2769 2881 non
2805 2807 3038 2879 solum

897 2926 1334 3001 sinodalibus
1358 2930 1616 3017 causis,
1651 2926 1779 3001 sed
1812 2942 2035 3001 status
2058 2926 2427 2999 rhetoricae
2448 2906 3037 3023 cognoscentibus

899 3044 1243 3117 utillimus
1277 3044 1609 3155 habetur.
2368 3058 2385 3069 ⁹

910 3256 1162 3311 LXXIV.
1181 3242 1570 3328 -Conqmtio
1587 3256 1620 3293 '⁸'
1635 3228 1843 3311 Odonis
1858 3258 1888 3295 ‘¹
1914 3256 2059 3328 apud
2072 3256 2106 3293 ὓ
2120 3274 2241 3310 suos
2262 3254 2331 3311 de
2343 3256 2377 3291 ¹*
2392 3253 2643 3318 miliduni
2654 3254 2688 3289 '¹
2706 3251 2973 3325 mptione
2984 3250 3033 3300 ’-

1003 3426 1278 3493 Interea
1323 3421 1486 3496 Odo
1535 3446 1779 3494 rerum
1822 3447 2113 3495 suarum
2158 3434 2618 3519 augmentum
2669 3414 3027 3521 querebat.

909 3537 1112 3611 Unde
1145 3526 1218 3614 et
1239 3539 1433 3638 apud
1459 3564 1625 3612 suos
1651 3565 1961 3638 quorum
1984 3538 2203 3613 fidem
2228 3536 2699 3617 indubitatam
2733 3532 3025 3621 sciebat,

902 3671 1214 3727 castrum
1251 3656 1712 3731 Meledunurn
1754 3658 1833 3729 in
1869 3680 2079 3731 suum
2108 3657 2225 3755 jus
2262 3653 2659 3733 transfimdi
2699 3650 3028 3751 parabat3

904 3772 1038 3845 sibi
1059 3774 1386 3872 inquiens
1414 3775 1893 3847 miserrimum
1920 3773 2072 3846 fore
2088 3826 2107 3863 ‚
2135 3772 2335 3871 quod
2357 3774 2437 3843 in
2468 3774 2799 3868 Sequana
2820 3768 3033 3839 fluvio

905 3888 1456 3961 transmittendis
1483 3888 1899 3964 exercitibus
1924 3888 2161 3969 nullus
2196 3888 2330 3961 sibi
2355 3887 2689 3981 transitus
2730 3896 3035 3983 pateret3

905 4004 1097 4077 unde
1122 4020 1194 4078 et
1228 4004 1306 4103 id
1346 4007 1586 4079 animo
1623 4007 1757 4081 sibi
1802 4005 2129 4080 incidisse
2148 4060 2189 4098 ,,
2210 4008 2543 4105 quatinus
2568 3990 2993 4085 Milidunum
3010 4052 3033 4089 ‚

903 4121 1104 4219 qnod
1137 4136 1244 4195 est
1267 4122 1802 4199 circumfluente
1826 4126 2155 4222 Sequana
2179 4122 2609 4197 tutissimum
2622 4172 2641 4211 ,
2674 4134 2747 4191 et
2770 4094 3047 4215 duplici

977 4326 1006 4359 ⁴⁸
1045 4326 1158 4378 Con
1179 4367 1194 4392 ,
1227 4326 1430 4381 Odonis
1453 4348 1514 4393 a,
1543 4324 1609 4380 de
1630 4368 1644 4393 ,
1677 4346 1763 4380 ere
1790 4327 1998 4381 abscisa.
