3459 5375
916 526 1035 585 106
1226 602 1243 613 ·
1644 518 1977 581 RICHERI
2025 520 2176 582 Lm.
2225 519 2342 581 111.

914 684 951 721 «
994 653 1235 725 dicare
1248 706 1269 745 ,
1318 668 1393 725 et
1426 650 1521 723 ad
1556 666 1810 737 votum
1853 652 2032 723 mihi
2067 651 2222 725 fieri
2254 651 2330 723 id
2372 666 2638 751 petere.
2688 657 3064 752 Hugonem

914 802 949 840 «
995 771 1255 844 ducem
1279 770 1511 845 sciatis
1538 794 1657 842 me
1677 770 2024 842 hactenus
2044 794 2178 868 pro
2204 770 2437 841 amico
2465 768 2824 843 habuisse.
2855 775 3064 844 Com-

918 918 953 957 «
996 898 1206 989 perto
1247 914 1423 960 vero
1460 884 1662 986 quod
1696 888 1996 959 latenter
2031 886 2258 959 hostis
2296 886 2474 958 mihi
2515 902 2700 959 esset
2721 942 2740 979 ,
2788 887 2880 959 ab
2915 889 3064 987 ejus

916 1036 951 1074 «
998 1006 1463 1079 familiaritate
1490 1030 1607 1077 me
1631 1005 2092 1107 remotiorem
2115 1004 2271 1076 feci.
2305 1002 2514 1075 Unde
2543 1029 2738 1098 nunc
2766 1009 3064 1093 Romam

917 1104 953 1193 «
999 1126 1153 1197 iens
1178 1178 1197 1215 ,
1232 1128 1577 1205 Ottonem
1614 1123 1821 1214 adiit,
1854 1122 1928 1193 in
1965 1122 2108 1193 mei
2145 1122 2656 1195 contumeliam
2677 1176 2698 1215 ,
2726 1125 3065 1222 regnique

916 1272 953 1311 «
995 1238 1233 1314 lahem
1260 1242 1327 1314 ei
1361 1241 1756 1340 plurimum
1788 1264 2279 1339 persuasurus.
2301 1228 2764 1339 Quapropter
2783 1266 3065 1317 summa

918 1389 952 1427 «
998 1384 1140 1458 ope
1155 1412 1175 1449 ,
1217 1382 1503 1431 summo
1544 1359 1834 1455 ingenio
1879 1354 2189 1429 nitimini
2229 1342 2334 1431 ne'
2365 1357 2644 1432 evadat.
2694 1358 2867 1437 Vale
2919 1360 2938 1395 ¹
2957 1414 2976 1442 ‚
3025 1388 3058 1429 »ι

912 1475 1417 1574 Exploratores
1450 1477 1691 1573 itaque
1728 1474 2290 1572 circumquaque
2325 1472 2688 1573 dispositi,
2725 1500 2856 1575 per
2885 1500 3064 1574 prae-

910 1607 1123 1691 rupta
1148 1594 1509 1665 montium
1534 1607 1605 1663 et
1640 1588 2140 1690 scopulorum,
2167 1614 2304 1697 per
2327 1592 2605 1663 viarum
2629 1591 2883 1684 exims,
2915 1591 3066 1688 ejus

912 1708 1303 1783 adventum
1329 1708 1910 1808 opperiebantur.

1100 1856 1437 1943 LXXXVII.
1464 1912 1537 1923 —
1566 1884 1700 1934 Item
1728 1880 1968 1953 Epistola}
1985 1870 2184 1933 Emmae
2201 1882 2231 1919 ¹*
2261 1881 2452 1951 regina
2478 1877 2548 1935 ad
2585 1892 2806 1938 matrem
2825 1880 2878 1931 *.
2915 1880 2926 1893 ‘

1010 2026 1156 2093 Nec
1192 2022 1431 2095 minus
1453 2022 1705 2094 Emma
1731 2000 1976 2117 regina
1990 2073 2009 2110 ,
2039 2020 2250 2096 matri
2273 2042 2416 2094 suae
2446 2021 2518 2091 in
2541 2018 2742 2091 hunc
2764 2018 3064 2092 modum

914 2138 1291 2238 epistolam
1329 2138 1583 2210 direxit
1613 2166 1628 2207 ε
1668 2168 1703 2205 «
1737 2135 2056 2209 Adelaidi
2084 2136 2296 2243 matri
2320 2136 2752 2236 imperatrici
2789 2162 3068 2237 semper

918 2287 953 2323 α
997 2250 1342 2354 augustae,
1360 2244 1369 2253 ’
1399 2259 1651 2325 Emma
1706 2258 2148 2325 Francorum
2191 2253 2436 2351 regina
2490 2252 2816 2327 saluteml
2873 2254 3066 2327 Licet

916 2404 953 2441 «
999 2373 1226 2449 multo
1264 2388 1615 2445 terrarum
1653 2370 2030 2443 interstitio
2080 2386 2399 2460 semota,
2461 2380 2696 2443 tamen
2742 2395 2786 2443 a
2841 2387 3064 2445 matre

918 2523 953 2560 «
998 2492 1235 2564 auxilii
1268 2491 1623 2563 rationem
1650 2488 1796 2607 filia
1820 2503 2015 2587 peto.
2053 2492 2261 2586 Hugo
2288 2488 2436 2569 dux
2466 2488 2738 2561 insidiis
2764 2515 2913 2561 non
2953 2514 3064 2563 so—

918 2640 953 2677 «
996 2608 1148 2698 lum
1176 2608 1377 2705 regni
1398 2608 1626 2681 nostri
1653 2608 2014 2706 principes
2042 2629 2084 2678 a
2107 2622 2356 2679 nostra
2390 2606 2732 2680 fidelitate
2767 2609 3058 2699 amovit,

918 2755 953 2793 «
998 2725 1124 2796 sed
1152 2739 1223 2796 et
1258 2723 1547 2794 fratrem
1583 2747 1827 2794 meum
1855 2727 2201 2795 Ottonem
2227 2748 2270 2794 a
2295 2724 2506 2796 nobis
2531 2739 2835 2796 conatur
2871 2749 3066 2796 aver·

916 2875 952 2912 «
999 2859 1189 2932 tere3
1234 2840 1428 2912 unde
1462 2855 1535 2912 et
1570 2837 1874 2940 Romam
1921 2840 2122 2912 illum
2157 2840 2367 2912 adiit.
2425 2845 2525 2913 Ne
2573 2867 2744 2938 ergo
2781 2843 3062 2944 penitus

819 2947 828 2968 '
918 2987 955 3024 «
998 2959 1103 3028 sui
1132 2957 1282 3028 voti
1304 2981 1603 3058 compos
1630 2956 2005 3056 glorietur,
2034 2972 2204 3056 peto
2230 2957 2526 3055 supplex
2553 2954 2695 3030 filia
2730 2974 3057 3049 matrem,

918 3103 955 3140 «
998 3086 1077 3144 ut
1112 3074 1189 3144 in
1216 3071 1641 3157 revertendo
1680 3088 1918 3145 tantus
1943 3073 2168 3149 hostis
2195 3073 2648 3171 impediatur.
2691 3077 2782 3146 Et
2815 3076 2875 3148 si
2903 3075 3061 3148 fieri

916 3221 953 3260 «
994 3205 1257 3290 potest,
1300 3205 1424 3272 aut
1444 3205 1693 3290 captus
1708 3205 2072 3281 teneatur,
2105 3205 2231 3262 aut
2261 3191 2576 3289 impunis
2611 3200 2763 3264 non
2789 3191 3053 3266 redeat.

916 3339 953 3376 «
994 3307 1138 3381 Sed
1160 3333 1253 3380 ne
1278 3331 1411 3380 vos
1444 3309 1589 3381 suis
1614 3308 1802 3380 dolis
1829 3307 2613 3405 tergiversator-*evadat
2629 3363 2648 3398 ,
2681 3309 2902 3410 totius
2924 3309 3062 3382 for-

914 3455 951 3492 «
994 3449 1129 3500 mae
1163 3425 1352 3496 illius
1385 3423 1882 3524 inseparabilia
1928 3425 2326 3497 accidentia
2357 3423 2565 3496 vobis
2599 3423 2901 3498 indicari
2937 3453 3060 3499 cu-

916 3572 951 3610 «
994 3543 1166 3620 ravi.
1208 3545 1473 3618 »Tunc
1498 3557 1877 3642 prosecuta
1897 3541 2301 3634 oculorum,
2337 3543 2643 3632 aurium,
2674 3542 3054 3645 labiorum,

912 3657 1236 3732 dentium
1262 3657 1563 3757 ‘quoque
1600 3674 1673 3732 et
1704 3661 1898 3750 nasi,
1932 3685 2218 3732 necnon
2245 3676 2317 3732 et
2336 3653 2774 3759 reliquarum¹
2801 3687 3058 3762 corpo·

910 3777 1007 3848 ris
1032 3778 1344 3877 partium
1367 3775 1796 3869 accidentia,
1820 3777 2208 3850 verborum
2234 3775 2538 3877 qu'oque'
2562 3795 2886 3852 tenorem
2907 3835 2928 3872 ,
2961 3781 3062 3856 sic

910 3894 1234 3992 ignotum
1263 3895 1650 3968 declaravit
1670 3951 1688 3987 ,
1719 3913 1799 3969 ut
1824 3897 1938 3970 his
1965 3897 2179 3994 signis
2216 3895 2577 3994 detegeret
2611 3913 2826 3996 atque
2862 3899 3062 3998 igno-

908 4010 1229 4082 rantibus
1263 4010 1631 4084 indicaret.

981 4205 1008 4237 ³⁸*
1050 4222 1199 4256 mmae
1218 4243 1233 4270 ,
1258 4216 1391 4256 trem
1414 4204 1623 4255 abscisa.

986 4303 1005 4332 ¹
1042 4290 1207 4356 VAE
