3459 5375
897 567 1017 627 218
1605 561 1937 623 mcnssm
1984 563 2133 624 Lm.
2187 564 2295 645 iv.

897 693 1448 794 contemplarer,
1483 694 1690 765 novis
1725 695 1988 766 iterum
2013 695 2417 767 infortuniis
2443 694 2777 793 angebar.
2808 699 3049 770 Tantis

891 817 1086 886 enim
1108 827 1180 885 et
1213 827 1320 884 tot
1341 809 1652 883 hiatibus
1687 809 1978 910 patebat
1999 865 2018 902 ,
2068 825 2149 884 ut
2190 813 2309 884 vix
2352 813 2614 884 civium
2666 816 3045 886 necessarii

896 935 1013 1006 die
1050 933 1304 1006 eadem
1337 957 1469 1030 per
1495 956 1661 1004 eum
1699 931 2130 1004 transierint.
2164 931 2595 1003 Carnotinus
2636 933 2937 1032 inpiger,
2972 949 3045 1006 et

889 1051 984 1121 in‘
1012 1046 1420 1147 peragendo
1479 1048 1729 1119 itinere
1784 1048 1949 1119 satis
2009 1046 2355 1144 providus
2377 1101 2396 1138 ,
2451 1047 2854 1119 naviculam
2900 1050 3051 1120 cir-

889 1190 1341 1264 cumquaque
1387 1165 1753 1262 inquirens
1786 1179 1858 1236 et
1894 1162 2165 1236 nullam
2214 1165 2583 1235 inveniens
2604 1217 2623 1251 ,
2668 1163 2761 1237 ad
2802 1164 3045 1264 pontis

891 1281 1210 1381 pericula
1253 1279 1464 1352 rediit
1485 1334 1505 1372 ,
1550 1295 1619 1352 et
1646 1295 1724 1352 ut
1774 1282 1943 1378 equi
1975 1280 2371 1353 incolumes
2400 1282 3047 1353 transmitterentur

895 1425 938 1471 e
973 1397 1156 1470 coelo
1194 1397 1520 1471 emeruit.
1566 1401 1746 1469 Nam
1785 1398 1860 1467 in
1896 1396 2073 1468 locis
2118 1395 2483 1468 hiantibus
2530 1422 2883 1493 equorum
2923 1424 3049 1497 pe-

894 1515 1106 1587 dibus
1141 1513 1528 1612 aliquando
1574 1512 1884 1613 clipeum
1937 1513 2253 1585 subdens
2272 1567 2291 1604 ,
2346 1512 2732 1611 aliquando
2769 1513 3049 1586 tabulas

896 1637 1208 1733 abjectas
1230 1635 1626 1733 adjungens
1643 1688 1664 1727 ‚
1713 1634 1937 1709 modo
1966 1637 2373 1709 incurvatus
2396 1689 2416 1723 ,
2457 1634 2681 1707 modo
2721 1650 2997 1708 erectus
3021 1691 3040 1726 ,

901 1754 1121 1828 modo
1181 1753 1528 1826 accedens
1548 1807 1566 1844 ,
1650 1753 1875 1826 modo
1945 1779 2352 1845 recurrenS,
2430 1751 2806 1825 efficaciter
2880 1777 3042 1824 cum

890 1860 1096 1971 equis
1168 1896 1287 1945 me
1353 1872 1740 1945 comitante
1811 1875 2238 1971 pertransiit.
2320 1877 2476 1944 Nox
2548 1871 3009 1943 inhorruerat
3022 1927 3041 1962 ‚

893 1989 1394 2092 mundumque
1439 2005 1621 2062 tetra
1655 1989 1951 2087 caligine
2005 1988 2403 2062 obduxerat
2421 2044 2440 2079 ‚
2482 2013 2651 2060 cum
2684 1987 3045 2059 basilicam

893 2107 1117 2180 sancti
1191 2106 1538 2178 Pharonis
1601 2107 1843 2178 introii
1857 2161 1877 2198 ,
1930 2106 2260 2178 stan-ibus
2335 2104 2573 2177 adhuc
2630 2104 3044 2202 parantibus

891 2236 1150 2322 potum
1207 2222 1534 2293 caritatis.
1618 2226 1780 2310 Qua
1841 2222 1959 2294 die
2029 2222 2518 2321 sollempniter
2572 2236 2995 2320 pranserant
3018 2277 3037 2312 ‚

893 2339 1189 2410 recitato
1267 2337 1579 2437 capitulo
1639 2337 1659 2372 ¹
1723 2337 1816 2409 de
1880 2337 2245 2409 cellarario
2328 2337 2776 2424 monasterii,
2846 2333 3042 2432 quod

895 2459 1028 2530 fuit
1062 2483 1274 2531 causa
1310 2474 1458 2530 tam
1493 2483 1664 2531 serae
1697 2460 2107 2558 potationis.
2152 2462 2210 2530 A
2254 2457 2514 2556 quibus
2550 2472 2631 2528 ut
2664 2457 2879 2528 frater
2914 2481 3045 2527 ex-

893 2589 1176 2673 ceptuS,
1210 2573 1543 2646 dulcibus
1595 2574 1927 2673 alloquiis
1947 2629 1966 2666 ,
2010 2575 2331 2672 cibisque
2384 2572 2895 2646 sufficientibus
2932 2597 3041 2644 re·

898 2706 1180 2763 creatus
1234 2716 1418 2762 sum.
1482 2692 1956 2763 Carnotinum
1991 2692 2329 2788 equitem·
2362 2716 2529 2762 cum
2584 2692 2786 2788 equis
2831 2692 3045 2761 vitata

889 2810 1132 2907 pontis
1176 2807 1491 2908 pericula
1543 2808 1803 2880 iterum
1840 2822 2423 2907 attemptaturum
2448 2862 2467 2899 ,
2510 2833 2737 2910 puero
2796 2806 3041 2880 relicto

891 2925 1154 2996 remisi.
1197 2928 1359 2998 Arte
1408 2926 1765 3024 praemissa
1812 2926 2251 3022 pertransiit;
2308 2940 2380 2996 et
2433 2924 2526 2997 ad
2578 2950 2884 3023 puerum
2934 2950 3043 2995 se-

891 3040 1131 3112 cunda
1165 3043 1396 3113 noctis
1423 3042 1658 3139 vigilia
1693 3041 2140 3113 errabundus
2173 3044 2520 3141 pervenit.
2564 3042 2841 3139 Vixque
2877 3066 3045 3113 eum

894 3156 1145 3255 saepius
1180 3155 1640 3229 inclamatum
1698 3157 2033 3257 repperit.
2094 3160 2257 3245 Quo
2313 3171 2676 3255 assumpto
2730 3181 2897 3228 cum
2952 3154 3045 3227 ad

893 3270 1150 3343 urbem
1177 3271 1578 3344 devenisset
1595 3328 1613 3365 ,
1657 3289 2026 3373 suspectus
2060 3275 2301 3373 pontis
2326 3272 2669 3373 pericula,
2702 3298 2860 3371 quae
2882 3298 3044 3372 per·

891 3388 1150 3460 nitiosa
1184 3392 1672 3489 experimento
1718 3390 2065 3463 didicerat
2084 3445 2102 3482 ,
2145 3416 2313 3463 cum
2346 3415 2574 3490 puero
2612 3405 2684 3462 et
2732 3391 2931 3488 equis
2968 3390 3041 3463 in

891 3503 1262 3599 cujusdam
1298 3509 1660 3603 tugurium
1686 3506 2099 3599 declinavit3
2134 3508 2409 3606 ibique,
2442 3533 2573 3606 per
2598 3522 2823 3579 totam
2850 3506 3041 3578 diem

890 3618 1208 3713 incibati,
1249 3639 1464 3697 nocte
1499 3624 1618 3697 illa
1652 3625 1746 3698 ad
1774 3624 2289 3730 quiescendum
2325 3649 2473 3697 non
2502 3623 2599 3697 ad
2632 3623 3041 3697 cenandum

893 3736 1173 3811 collecti
1199 3757 1388 3812 sunt.
1431 3744 1666 3829 Quam
1701 3757 1992 3814 noctem
2028 3757 2109 3815 ut
2142 3744 2549 3815 insomnem
2577 3742 2930 3833 duxerim,
2974 3756 3044 3813 et

891 3870 1161 3952 quanto
1216 3858 1291 3928 in
1338 3883 1422 3929 ea
1457 3861 1775 3931 cruciatu
1815 3874 2043 3933 tortus
2083 3860 2110 3898 ²
2164 3863 2298 3932 sim
2328 3915 2346 3952 ,
2395 3859 2839 3971 perpendere
2876 3883 3046 3960 pos-

893 3986 1060 4047 sunt
1077 4024 1098 4063 ,
1127 3973 1252 4069 qui
1285 3996 1453 4045 cura
1479 4000 1812 4048 carorum
1834 3976 2219 4076 aliquando
2241 3978 2564 4077 vigilasse
2596 3977 2825 4051 coacti
2844 3991 3043 4051 suntt

969 4214 986 4245 ¹
1021 4231 1082 4269 ca
1127 4252 1144 4270 ο

958 4300 981 4341 ¹-
1022 4236 1240 4355 vellatus
1262 4306 1562 4374 superposito
1595 4314 1763 4355 tortus
1788 4302 1961 4356 codes.
