3459 5375
912 566 1035 627 302
1621 564 1954 627 menam
1996 562 2144 629 LIB.
2193 564 2302 627 lv.

918 732 955 771 «
996 725 1074 775 se
1106 724 1151 771 a
1186 698 1597 799 perditionis
1630 700 1893 773 scelere
1927 715 2258 800 purgaret
2273 753 2296 791 ,
2336 698 2512 771 dum
2545 700 2818 772 monita
2851 700 3030 773 salu·

918 847 955 887 «
994 818 1149 889 bria
1190 817 1581 891 contemnit
1600 871 1621 909 ,
1671 816 1954 889 habitus
2009 831 2115 889 est
2172 832 2536 914 tamquam
2594 816 2916 889 ethnicus
2965 833 3036 891 et

917 962 955 1002 «
993 932 1435 1032 publicanus.
1468 936 1613 1005 Nec
1662 948 1900 1005 tamen
1929 931 2194 1005 idcirco
2237 932 2658 1029 dijudicatus
2695 950 2776 1007 ut
2810 932 3034 1006 ethni-

918 1079 954 1117 «
996 1074 1122 1121 cus
1140 1103 1160 1140 ,
1194 1047 1289 1122 ob
1330 1050 1801 1121 reverentiam
1845 1048 2032 1122 sedis
2077 1050 2480 1150 apostoliae
2525 1050 3033 1148 sacerdotiique

918 1195 953 1234 «
996 1168 1173 1238 sacri
1212 1164 1573 1263 privilegia
1591 1219 1611 1256 ,
1653 1165 1781 1237 sed
1817 1189 1860 1237 a
1893 1190 1968 1238 se
2011 1164 2165 1265 ipso
2217 1166 2291 1237 in
2340 1189 2415 1238 se
2462 1167 2694 1265 ipsum
2746 1166 3034 1239 damna-

916 1312 953 1351 «
994 1283 1203 1354 tionis
1258 1282 1603 1353 sententia
1658 1280 1970 1383 prolata,
2019 1283 2162 1353 hoc
2215 1281 2446 1354 solum
2493 1308 2660 1355 eum
2705 1284 2780 1355 in
2840 1286 3034 1355 omni

916 1426 953 1465 «
994 1398 1136 1468 vita
1170 1400 1311 1492 [sua
1364 1392 1680 1495 preclare
1729 1398 1948 1495 egisse
1997 1396 2460 1493 dijudicatum
2507 1413 2653 1489 est;
2715 1399 2884 1495 quia
2927 1400 3032 1469 ni·

916 1541 953 1581 «
994 1512 1257 1583 mirum
1274 1566 1293 1604 ,
1338 1513 1397 1583 si
1440 1536 1607 1585 eum
1624 1566 1645 1605 ‚
1688 1537 1763 1584 se
1798 1514 1954 1614 ipso
1989 1510 2374 1587 damnante
2391 1569 2412 1607 ‚
2450 1516 2762 1616 episcopi
2807 1513 3032 1587 absol·

916 1658 952 1697 «
993 1644 1241 1701 verent
1258 1682 1279 1721 ‚
1309 1653 1597 1726 poenam
1638 1629 1920 1701 sceleris
1954 1629 2014 1727 ej
2022 1654 2104 1701 us
2138 1630 2600 1703 incurrerent.
2641 1634 2727 1701 Si
2737 1686 2760 1719 ,
2808 1632 3036 1729 inquit

915 1774 951 1813 «
993 1769 1291 1843 magnus
1315 1750 1459 1817 Leo
1494 1770 1681 1844 papa
1700 1798 1719 1835 ‚
1761 1769 2003 1815 omnes
2043 1744 2434 1817 sacerdotes
2476 1762 2548 1816 et
2585 1744 2888 1817 mundus
2923 1774 3035 1819 as-

914 1889 949 1925 «
988 1864 1256 1932 sentiat
1278 1860 1736 1949 damnandis,
1777 1859 2148 1933 danmatio
2181 1866 2680 1935 consentientes
2713 1864 3024 1950 involvit,

918 2002 956 2045 «
985 2000 1131 2047 non
1161 1979 1830 2073 proevaricatzbnem
1873 2002 2249 2049 consensus
2291 1975 2604 2049 absolvit.
2648 1982 2802 2049 Hoc
2845 1979 3032 2051 enim

916 2119 954 2159 «
994 2098 1192 2163 Deus
1244 2096 1561 2165 omnium
1626 2092 1994 2181 indaehavit,
2051 2097 2178 2191 qui
2217 2108 2632 2191 peccantem
2697 2092 3032 2167 mundum

916 2235 954 2275 «
986 2208 1307 2306 generali
1330 2206 1589 2281 diluveb
1624 2211 1997 2282 interemit.
2033 2212 2122 2281 Et
2165 2232 2354 2307 papa
2393 2208 2709 2281 Gelasius
2747 2238 2764 2279 ε
2805 2213 3034 2281 Error

914 2352 953 2393 «
992 2328 1119 2422 qui
1144 2325 1369 2397 semel
1384 2341 1495 2397 est
1509 2350 1668 2397 cum
1684 2350 1812 2397 suo
1835 2340 2120 2397 auctore
2147 2324 2543 2412 damnatus,
2579 2328 2656 2395 ἱιι
2681 2327 3034 2423 participe

914 2468 948 2507 α
992 2438 1297 2537 quolibet
1332 2465 1585 2538 pravoe
1650 2444 2156 2513 communionis
2219 2438 2472 2537 effecto
2524 2445 3034 2513 execrationem

916 2584 953 2624 «
988 2560 1107 2627 sui
1126 2572 1363 2655 gestat
1384 2573 1457 2629 et
1470 2582 1788 2653 poenam.
1821 2557 2124 2629 Excluso
2163 2558 2399 2655 itaque
2446 2556 2569 2629 illo
2623 2582 2666 2629 a
2707 2560 3032 2629 Remensi

913 2705 951 2744 c<
992 2674 1283 2748 ecclesia
1300 2727 1320 2762 ,
1352 2674 1530 2747 mihi
1554 2674 1960 2766 reluctanti,
1997 2674 2446 2774 multumque
2483 2699 2568 2748 ea
2601 2701 2758 2774 quae
2789 2699 3034 2776 passus

912 2821 949 2860 «
995 2817 1155 2864 sum
1201 2807 1273 2864 et
1328 2791 1563 2865 adhuc
1615 2793 1850 2892 patior
1898 2791 2302 2864 formidanti
2324 2847 2345 2885 ,
2385 2816 2428 2864 a
2479 2791 2806 2864 fratribus
2856 2793 3030 2864 meis

910 2939 947 2976 «
989 2907 1374 2981 Galliarum
1408 2911 1760 3008 episcopis
1785 2909 1927 2981 hoc
1951 2908 2187 2981 honus
2228 2908 2599 2981 sacerdotii
2639 2905 2774 2980 sub
2811 2905 3028 2980 divini

912 3056 948 3096 «
990 3027 1301 3098 nominis
1327 3025 1798 3100 obtestatione
1833 3027 2244 3125 impositum
2271 3041 2398 3098 est.
2431 3024 2646 3113 Quod
2685 3025 2744 3097 si
2782 3023 2966 3096 forte
2989 3050 3028 3097 a

909 3173 947 3212 «
987 3145 1200 3214 sacris
1250 3142 1519 3240 legibus
1566 3144 1938 3243 quippiam
1990 3141 2348 3215 deviatum
2393 3155 2496 3214 est
2514 3195 2533 3231 ‚
2575 3165 2722 3213 non
2767 3140 2845 3212 id
2887 3165 3031 3212 ma·

910 3286 945 3326 «
986 3255 1147 3330 licia
1165 3313 1185 3348 ,
1232 3257 1358 3330 sed
1403 3259 1740 3358 temporis
1787 3259 2194 3358 importavit
2244 3259 2642 3330 necessitas,
2703 3256 3026 3355 Alioquin

910 3403 947 3443 α
988 3388 1309 3474 tempore
1332 3373 1575 3447 hostili
1599 3400 1817 3448 omne
1839 3375 1954 3473 jus
1972 3429 1992 3466 ,
2035 3400 2390 3473 omneque
2432 3375 2704 3448 licitum
2741 3399 3020 3464 cavere,

912 3521 947 3560 «
988 3492 1164 3589 quid
1214 3507 1321 3564 est
1368 3491 1561 3564 aliud
1612 3517 1830 3591 quam
1888 3493 2190 3591 patriam
2258 3491 2557 3591 perdere
2574 3546 2595 3584 ,
2653 3508 2724 3566 et
2779 3516 3024 3564 necem

912 3637 948 3676 «
990 3609 1298 3693 inferre?
1335 3608 1557 3681 Silent
1581 3609 1916 3708 equidem
1941 3609 2132 3707 leges
2169 3610 2354 3682 inter
2386 3633 2586 3682 arma
2622 3608 2880 3709 quibus
2917 3605 3024 3680 ille

911 3755 947 3794 t(
988 3725 1216 3800 feralis
1270 3723 1495 3800 bestia
1542 3729 1631 3798 Ο.
1670 3727 1689 3763 ⁴
1737 3728 1836 3798 ita
1877 3725 1904 3763 ²
1949 3725 2212 3800 abusus
2259 3741 2364 3800 est
2381 3779 2402 3818 ‚
2460 3742 2542 3798 ut
2597 3725 3024 3798 reverendis-

911 3871 949 3911 «
988 3844 1207 3915 simos
1242 3841 1643 3914 sacerdotes
1679 3843 1847 3932 Dei,
1879 3843 2082 3940 quasi
2115 3835 2280 3914 vilia
2313 3841 2666 3941 mancipia
2703 3856 2982 3940 caperet
2996 3895 3015 3931 ‚

911 3989 946 4028 «
988 3985 1123 4032 nec
1162 3959 1255 4031 ab
1286 3961 1455 4058 ipsis
1496 3961 1962 4032 sacrosanctis
1988 3959 2324 4033 altaribus
2347 3974 2774 4060 temperaret
2789 4013 2810 4050 ‚
2839 3983 3022 4032 com-

910 4107 946 4144 «
988 4092 1259 4148 meatus
1295 4075 1616 4175 publicos
1650 4077 2172 4150 intercluderet.
2211 4107 2248 4146 »

976 4247 989 4276 ¹
1030 4245 1157 4298 Otto
1180 4246 1261 4298 ed.

971 4331 993 4359 ²
1029 4329 1099 4380 ita
1125 4329 1228 4381 hoc
1253 4342 1483 4400 tempore
1506 4349 1535 4382 a
1560 4330 1640 4380 etl.
