3459 5375
936 566 1014 625 84
1652 564 1980 625 RlCHERl
2029 564 2178 625 LlB.
2229 565 2345 624 ΠΙ.

934 703 1151 801 Equis
1176 724 1345 798 ergo
1366 698 1762 772 inclamatis
1784 712 1854 769 et
1877 696 2206 769 adductis
2222 750 2242 786 ,
2282 701 2455 769 Otto
2481 697 2572 769 ad
2597 680 3006 775 'videndum
3039 705 3056 740 ¹

930 819 1295 919 processit.
1368 815 1782 887 Lotharium
1843 838 2012 885 cum
2067 814 2316 910 viginti
2369 812 2653 886 milibus
2709 815 2736 853 ²
2807 817 3068 891 instare

928 940 1251 1013 advertit.
1308 937 1674 1036 Cogitabat
1718 938 1956 1033 itaque
2000 960 2196 1007 nunc
2235 936 2442 1007 reniti
2461 990 2480 1027 ‚
2541 960 2738 1009 nunc
2775 964 3066 1039 quoque

926 1056 1019 1130 ad
1074 1073 1354 1155 tempus
1415 1054 1776 1141 recedere,
1845 1068 1917 1125 et
1976 1067 2140 1151 post
2187 1077 2354 1125 cum
2405 1054 2714 1125 exercitu
2765 1056 3061 1153 copioso

922 1176 1177 1247 reverti
1219 1170 1716 1245 meditabatur.
1759 1164 2076 1243 Tandem
2113 1170 2280 1266 quia
2322 1168 2695 1241 Lotharius
2733 1171 3054 1269 urgebat,

920 1305 1107 1362 stare
1156 1314 1303 1360 non
1364 1287 1619 1385 potuit.
1689 1285 2038 1357 Abscessit
2091 1308 2259 1381 ergo
2311 1309 2460 1355 non
2521 1285 2674 1357 sine
2718 1285 3052 1379 lacrimis,

919 1432 1089 1478 cum
1122 1430 1344 1477 uxore
1368 1404 1762 1502 Teuphanu
1790 1404 2132 1501 regnique
2171 1402 2610 1500 principibus
2653 1402 2900 1477 relicto
2941 1431 3060 1504 pa-

913 1524 1082 1595 latio
1110 1537 1322 1621 atque
1350 1522 1543 1617 regio
1576 1535 1943 1617 apparatu.

1878 1681 2076 1734 LXXI.

1006 1804 1380 1876 lotharius
1406 1827 1575 1874 cum
1611 1802 1920 1873 exercitu
1952 1800 2174 1890 affuit,
2205 1805 2546 1875 Ottonem
2573 1826 2651 1875 se
2677 1818 3052 1903 capturum

906 1938 1123 1995 ratus.
1189 1926 1278 1992 Et
1324 1934 1514 1993 certe
1560 1920 1887 2017 coepisset
1911 1974 1930 2011 ,
1981 1920 2042 1990 si
2093 1921 2165 1990 in
2210 1921 2463 1993 itinere
2505 1945 2658 1993 sese
2705 1923 3050 1993 exercitus

904 2039 1208 2136 angariis
1248 2061 1398 2107 non
1440 2035 1872 2133 impedisset.
1919 2038 2098 2107 Nam
2157 2036 2214 2106 si
2271 2050 2435 2108 ante
2464 2036 2614 2133 ejus
2661 2037 3050 2109 discessum

902 2156 1131 2254 pridie
1178 2154 1601 2245 advenisset,
1654 2177 1822 2225 eum
1871 2169 1993 2224 aut
2045 2176 2298 2250 capere
2348 2168 2473 2224 aut
2506 2155 2662 2225 neci
2711 2154 2880 2228 dare
2915 2180 3046 2252 po·

903 2274 1170 2349 tuisset.
1223 2271 1569 2343 Palatium
1619 2271 1829 2369 igitur
1870 2268 1961 2340 ab
2003 2269 2328 2341 hostibus
2363 2286 2777 2367 occupatur.
2824 2272 3049 2369 Regiae

905 2415 1169 2462 mensae
1232 2403 1704 2461 evertuntur.-
1743 2386 2086 2459 Ciborum
2134 2401 2515 2484 apparatus
2578 2411 2708 2483 per
2763 2388 3049 2460 calones

904 2506 1255 2603 diripitur.
1304 2505 1513 2601 Regia
1547 2529 1840 2601 quoque
1868 2504 2167 2599 insignia
2200 2528 2243 2573 a
2272 2503 2750 2601 penetralibus
2775 2520 3044 2601 erepta,

860 2690 867 2696 .
904 2636 1381 2722 asportantur.
1444 2625 1727 2695 AEream
1771 2620 2084 2719 aquilam
2129 2645 2286 2719 quae
2335 2621 2408 2693 in
2445 2624 2705 2695 vertice
2731 2621 2968 2720 palatii
3013 2648 3056 2696 a

906 2739 1169 2814 Karolo
1232 2764 1494 2838 magno
1546 2741 1689 2813 acsi
1747 2739 1998 2812 volans
2054 2738 2194 2810 fixa
2252 2755 2439 2830 erat,
2498 2741 2569 2811 in
2634 2740 3052 2812 vulturnum

907 2873 1434 2931 converterunt.
1485 2863 1667 2931 Nam
1711 2859 2054 2930 Germani
2097 2882 2256 2930 eam
2301 2859 2376 2929 in
2417 2859 2784 2930 favonium
2813 2858 2839 2896 ⁸
2879 2883 3050 2930 con-

904 2991 1260 3049 verterant
1274 3032 1293 3069 ‚
1342 2975 1692 3048 subtiliter
1730 2973 2206 3072 significantes
2261 2973 2503 3046 Gallos
2549 2999 2682 3046 suo
2728 2976 3049 3073 equitatu

902 3092 1340 3191 quandoque
1402 3077 1610 3193 posse
1673 3090 1980 3165 devinci.
2035 3091 2408 3164 lotharius
2467 3091 2724 3163 frustra
2776 3093 3050 3189 impetu

898 3210 1112 3300 facm,
1143 3212 1296 3282 sine
1322 3209 1578 3281 obside
1600 3208 1714 3281 vel
1737 3233 1914 3306 pace
1941 3223 2303 3306 sequestra
2326 3210 2712 3281 exercitum
2739 3209 3043 3300 reduxit,

900 3343 1153 3425 postea
1177 3353 1253 3400 se
1286 3325 1691 3416 rediturum
1712 3323 2111 3398 confidens.

1859 3486 2087 3540 mn.

998 3605 1170 3676 Otto
1213 3605 1331 3676 cui
1376 3619 1611 3676 totum
1657 3602 2074 3677 calamitatis
2121 3603 2410 3702 pondus
2458 3601 2732 3676 illatum
2781 3603 3036 3694 fixerat,

896 3720 1107 3793 donis
1191 3719 1697 3819 multiplicibus
1773 3719 2162 3818 'multisque
2225 3719 2583 3794 favoribus
2665 3744 2835 3794 suos
2910 3721 3045 3793 sibi

893 3835 1333 3908 assciscebat.
1365 3841 1451 3908 Et
1474 3852 1723 3936 utpote
1753 3837 2084 3910 vincendi
2109 3836 2438 3934 cupidu5‚
2467 3837 2526 3908 si
2552 3861 2740 3936 quos
2757 3835 3037 3928 leserat,

890 3945 1269 4024 revocabat
1292 3967 1415 4023 aut
1447 3950 1729 4024 reddito
1764 3953 1968 4052 quod
2021 3953 2434 4044 sustulerat‚'
2469 3968 2595 4025 aut
2628 3952 2797 4025 dato
2839 3952 3040 4051 quod

887 4067 1399 4168 spoponderat.
1443 4070 1715 4140 Pacatis
1743 4085 1982 4143 autem
2017 4069 2354 4143 omnibus
2391 4085 2604 4170 atque
2643 4069 2780 4142 sibi
2821 4095 3029 4144 revo-

970 4251 987 4280 ¹
1018 4271 1070 4302 v.
1096 4269 1221 4304 cum
1239 4239 1569 4322 principibus
1590 4251 1775 4304 deleta.

958 4361 981 4391 ²
1018 4341 1261 4413 X—X-cod.

948 4446 971 4477 ⁸
1008 4445 1063 4498 in
1086 4445 1267 4498 Gallos
1291 4445 1470 4496 deleta.
