3459 5375
888 604 1005 661 100
1602 575 1936 663 mc'nmu
1983 598 2129 666 Lm.
2179 602 2296 663 111.

888 761 923 798 «
968 734 1125 803 Non
1177 731 1377 805 enim
1410 756 1537 803 vos
1591 730 1760 841 latet
1816 748 2085 831 quanta
2136 732 2516 828 subtilitate
2553 734 2705 807 doli
2769 737 3025 809 Lotha-
3049 806 3080 837 ,

886 876 923 917 «
966 851 1111 921 ri‘us
1164 874 1288 921 rex
1335 850 1703 921 incautum
1755 874 1874 920 me
1925 848 2289 940 fefellerit,
2349 875 2516 921 cum
2575 851 2846 949 absque
2907 878 3024 927 me

886 996 923 1033 «
966 967 1213 1038 Ottoni
1256 965 1694 1038 reconciliari
1730 965 2036 1038 voluerit
2079 966 2484 1063 feceritque.
2527 968 2655 1040 Cui
2703 993 2748 1039 a
2785 986 3024 1041 mente

886 1114 923 1152 <c
965 1086 1249 1184 penitus
1276 1086 1603 1173 excessit,
1636 1064 1856 1182 quain
1886 1072 2158 1187 liberali
2195 1068 2442 1156 animo
2462 1101 2814 1182 quantum
2843 1072 3025 1185 peri-

886 1232 921 1283 (ς
964 1202 1209 1274 culum
1261 1227 1625 1301 aggressus
1676 1203 1812 1273 sim
1835 1256 1854 1291 ,
1935 1226 2102 1272 cum
2149 1226 2281 1299 per
2329 1226 2444 1273 me
2477 1198 2762 1273 hostem
2795 1227 3028 1301 nuper

886 1349 921 1387 «
965 1319 1339 1417 fugaverit,
1372 1320 1724 1417 Belgicam
1752 1343 2041 1416 quoque
2069 1318 2460 1415 insignibus
2487 1317 2776 1391 sublatis
2800 1318 3024 1393 hosti-

884 1464 919 1503 «
962 1434 1149 1507 libus
1192 1434 1650 1507 subaraverit.
1688 1433 1881 1521 Quid
1921 1458 2088 1531 ergo
2126 1427 2278 1532 spei
2307 1433 2601 1507 ulterius
2625 1437 3020 1532 eitpect‘em,

884 1580 920 1617 «ι
964 1574 1131 1622 cum
1158 1550 1331 1622 dolo
1360 1550 1579 1622 fidem
1602 1548 2018 1648 abruperit?
2055 1578 2092 1616 n
2127 1604 2132 1609 .
2309 1546 2317 1551 ’
2423 1560 2430 1571 ’
2575 1566 2585 1572 ’

1042 1746 1353 1815 [ΠΧ-ΙΙΙ.
1384 1776 1457 1788 -
1482 1746 1809 1801 Declamatio
1831 1746 1860 1783 ⁴¹
1887 1764 1990 1815 qua
2006 1745 2038 1778 ¹*
2061 1746 2144 1797 usi
2169 1758 2289 1799 sunt
2312 1744 2456 1817 apud
2482 1745 2672 1799 ducem
2694 1745 2728 1781 ³*
2753 1746 2852 1799 dui.

966 1905 1090 2005 ,Ad
1113 1906 1265 1977 haec
1288 1907 1665 2004 primates:
1704 1935 1742 1974 «
1764 1910 1922 1977 Non
1948 1905 2182 1977 solum
2207 1906 2567 1994 novimus,
2597 1906 2650 1999 pi
2668 1907 3020 2005 inquiunt,
3073 1995 3076 1997 v

884 2056 919 2094 «
963 2024 1244 2131 quantis
1278 2022 1612 2123 periculis
1650 2022 2027 2095 nobiscum
2062 2049 2197 2122 pro
2234 2022 2568 2127 Lothario
2610 2050 2774 2122 rege
2818 2041 3030 2124 capnt

884 2166 921 2205 α
966 2138 1313 2235 objeceris
1337 2192 1355 2227 ,
1405 2161 1656 2210 verum
1697 2162 1990 2235 quoque
2041 2155 2313 2235 quanto
2365 2137 2773 2210 discrimine
2832 2138 3029 2211 clari·

885 2284 921 2323 «
965 2256 1143 2328 tudo
1170 2270 1294 2328 tua
1332 2255 1571 2327 adhuc
1596 2270 1847 2352 patens
1883 2256 2002 2335 sit,
2037 2254 2132 2343 si,
2177 2270 2255 2325 ut
2283 2254 2467 2327 fama
2495 2270 2625 2345 est,
2659 2255 2806 2326 duo
2833 2278 3032 2351 reges

886 2401 921 2442 «
965 2388 1217 2444 contra
1242 2388 1313 2444 te
1340 2372 1925 2470 conspiraverint.
1957 2374 2136 2442 Nam
2153 2372 2212 2441 si
2237 2385 2487 2442 contra
2505 2370 2804 2442 alterum
2835 2397 3032 2443 exer·

883 2518 921 2557 α
964 2490 1187 2565 §itum
1212 2513 1348 2585 pro
1376 2487 1797 2561 defensione
1821 2486 2160 2577 moliaris„
2195 2486 2446 2559 ambos
2474 2503 2726 2560 contra
2753 2504 2824 2560 te
2861 2494 3029 2560 mox

882 2634 919 2671 «
961 2588 1141 2676 stare
1173 2604 1517 2675 invenies.
1552 2606 1624 2675 Si
1651 2618 1904 2675 contra
1936 2602 2186 2676 ambos
2212 2605 2408 2675 nisus
2437 2604 2652 2675 fueris
2670 2657 2689 2695 ,
2723 2603 3031 2704 plurima

886 2735 921 2790 (ι
966 2721 1428 2795 incommoda
1459 2721 1822 2808 incurrere
1865 2739 2155 2793 necesse
2182 2737 2325 2812 est,
2361 2723 2756 2819 equitatum
2785 2721 3031 2794 intole-

886 2869 923 2908 «
965 2831 1289 2929 rabilem,
1318 2837 1608 2910 insidias
1629 2839 2080 2938 multipliceS,
2109 2840 2444 2912 incendia
2459 2849 2673 2937 atque
2712 2841 3021 2939 rapinaS,

886 2987 922 3024 «
968 2972 1063 3048 et,
1102 2955 1302 3055 quod
1324 2957 1713 3056 pessimum
1741 2973 1871 3047 est,
1895 2957 2202 3028 nefarios
2224 2955 2431 3028 infidi
2457 2956 2650 3054 vulgi
2679 2980 3026 3050 rumoreS,

886 3104 923 3142 «
967 3075 1262 3172 quinon
1287 3089 1537 3145 contra
1560 3072 2000 3144 adversarios
2027 3098 2162 3144 nos
2189 3097 2517 3149 exercere
2545 3073 3032 3146 defensionem

888 3221 927 3259 «
967 3189 1324 3288 loquetur,
1374 3205 1447 3262 at
1483 3191 1559 3261 in
1600 3189 1990 3262 rebellione
2029 3203 2280 3262 con'tra
2329 3183 2570 3287 regern
2622 3191 3034 3264 temerarios

890 3339 926 3374 ιι
968 3325 1183 3405 atque
1234 3307 1559 3406 perjuros
1614 3313 1801 3392 stat-‚e
1869 3306 2440 3380 calumniabitur.
2502 3309 2618 3379 Sic
2641 3339 2649 3351 ·
2671 3308 2888 3378 etiam
2945 3307 3032 3378 ad

890 3455 925 3496 α
969 3449 1463 3524 quoscumque
1498 3423 1842 3496 accedere
1877 3445 2086 3523 posse
2123 3426 2517 3504 mencietur
2535 3478 2556 3515 ,
2597 3440 2679 3496 ut
2712 3425 2868 3496 sine
2911 3423 3031 3495 de-

888 3577 927 3607 «
968 3538 1137 3613 licto
1150 3555 1177 3631 ‘‚
1206 3542 1374 3612 -si'ne
1406 3540 2108 3640 perjurii‘sactilegio
2134 3565 2179 3611 a
2201 3540 2514 3612 dominis
2550 3539 2892 3612 recedant
2913 3593 2934 3628 ,
2968 3555 3037 3612 et

890 3689 926 3725 κ
969 3639 1221 3730 contra
1246 3657 1406 3729 illos
1450 3672 1862 3755 arroganter
1887 3658 2198 3729 cervices
2225 3657 2570 3730 attollant.
2605 3656 3038 3754 Hujus-peri-

890 3805 929 3847 α
970 3775 1115 3847 culi
1129 3790 1527 3858 extremum
1542 3790 1614 3846 et
1626 3775 1799 3847 utile
1821 3774 2200 3847 consilium
2211 3769 2428 3874 nobis
2445 3774 2753 3864 videtur,
2774 3789 2856 3845 ut
2871 3798 3037 3844 cum

892 3923 927 3961 ιι
971 3891 1121 3966 duo
1150 3907 1397 3963 contra
1424 3917 1558 3963 nos
1589 3892 1751 3987 conj
1759 3891 1956 3964 uncti
1981 3891 2122 3964 sint
2139 3947 2158 3983 ,
2190 3890 2390 3965 alteri
2430 3891 2732 3966 alterum
2769 3889 3040 3963 subtra-

879 4039 929 4078 s‹
970 4008 1252 4080 hamus.
1288 4007 1503 4096 Quod
1548 4009 1607 4079 si
1634 4008 1836 4094 alteri
1868 4006 2046 4080 alter
2085 4007 2404 4080 subtrahi
2453 4009 2698 4106 nequit
2719 4061 2739 4098 ,
2787 4005 3038 4079 saltem

892 4155 928 4192 t<
972 4125 1048 4196 in
1077 4119 1471 4198 amiciciam
1512 4119 1719 4195 nobis
1763 4143 2016 4196 eorum
2057 4117 2358 4195 alterum
2386 4121 2874 4194 devinciamus·
2899 4177 2918 4212 ,
2963 4135 3041 4191 ut

956 4369 987 4403 '⁸'
1024 4370 1133 4436 De,
1160 4387 1265 4438 qu,
1291 4369 1327 4424 d
1350 4368 1560 4422 abscisa.
