3459 5375
901 529 1028 590 216
1625 525 1962 586 RICHERI
2006 525 2157 590 LIB.
2204 527 2316 588 lv.

900 660 1213 758 arripere
1269 659 1611 757 disposui.
1655 660 2025 757 Digressus
2081 676 2321 735 autem
2340 716 2361 752 ,
2402 659 2495 732 ab
2528 659 2783 734 abbate
2814 663 2833 700 ¹
2878 688 3047 736 meo

900 777 1114 848 unius
1183 791 1464 848 tantum
1531 776 1909 876 parvaredi
1978 777 2310 851 solatium
2370 779 2635 878 accepi.
2726 782 3049 853 Numinis

895 895 1112 966 etiam
1132 947 1152 985 ,
1217 894 1616 966 mutatoriis
1643 947 1664 984 ‚
1729 895 2123 992 ceterisque
2164 895 2193 934 ²
2258 896 2669 968 necessariis
2732 920 2996 970 vacuus
3017 947 3041 984 ,

899 1010 1278 1082 Orbatium
1349 1011 1688 1108 perveni,
1750 1010 1993 1083 locum
2054 1012 2278 1085 multa
2348 1013 2635 1085 caritate
2693 1013 3041 1087 inclitum.

895 1127 1145 1226 Ibique
1192 1127 1445 1198 domni
1483 1126 1755 1199 abbatis
1798 1132 1887 1199 D.
1933 1128 2294 1225 colloquio
2350 1141 2703 1200 recreatus
2724 1182 2745 1220 ‚
2804 1130 3049 1202 simul·

899 1269 1040 1342 que
1067 1259 1138 1316 et
1159 1243 1647 1316 munificentia
1671 1259 2103 1317 sustentatus
2122 1301 2141 1336 ‚
2183 1246 2257 1316 in
2296 1245 2603 1317 crastino
2639 1245 2773 1316 iter
2823 1271 3049 1344 usque

899 1360 1190 1433 Meldim
1224 1361 1714 1459 peragendum
1751 1363 2041 1461 arripui.
2096 1367 2457 1460 Ingressus
2478 1385 2650 1432 vero
2673 1386 2841 1433 cum
2865 1362 3049 1435 duo·

899 1477 1036 1549 bus
1071 1478 1455 1550 comitibus
1489 1479 1819 1551 lucorum
1855 1479 2212 1551 anfractus
2230 1533 2251 1572 ,
2301 1504 2453 1551 non
2488 1476 2779 1550 defuere
2824 1479 3047 1551 infor-

901 1595 1083 1666 tunii
1145 1619 1373 1666 casus.
1451 1599 1632 1668 Nam
1712 1594 2115 1668 fallentibus
2180 1593 2386 1668 biviis
2409 1651 2428 1686 ‚
2496 1619 2619 1666 sex
2678 1593 3044 1693 leugarum

901 1712 1387 1810 superfluitate
1464 1711 2042 1784 exorbitavimus.
2120 1714 2553 1786 Transmisso
2630 1737 2803 1786 vero
2868 1718 3045 1784 Teo-

901 1827 1132 1900 dorici
1161 1828 1450 1901 castello
1469 1882 1488 1919 ,
1519 1828 1954 1928 parvaredus
1980 1846 2144 1902 ante
2170 1832 2362 1902 visus
2386 1832 2857 1932 Bucephalus,
2895 1830 3044 1903 fieri

904 1946 1120 2043 coepit
1153 1944 1369 2016 asello
1407 1943 1902 2017 tardiusculus,
1945 1949 2103 2016 Jam
2138 1945 2246 2018 sol
2286 1970 2329 2017 a
2362 1948 2845 2020 mesembrino
2894 1944 3045 2016 dis-

901 2075 1208 2132 cesserat
1228 2115 1249 2151 ,
1282 2075 1578 2158 totoque
1603 2085 1765 2132 aere
1792 2061 1867 2131 in
1894 2061 2169 2161 pluvias
2199 2062 2543 2137 dissoluto
2564 2121 2583 2156 ‚
2612 2067 2688 2138 in
2712 2087 3041 2137 occasum

835 2239 840 2244 .
903 2177 1270 2275 vergebat,
1313 2203 1478 2249 cum
1516 2177 1713 2249 fortis
1764 2177 1882 2249 ille
1918 2178 2361 2278 Bucephalus
2412 2205 2752 2280 supremo
2802 2177 3044 2249 labore

904 2296 1132 2367 victus
1151 2348 1170 2385 ,
1212 2295 1399 2365 inter
1435 2292 1707 2366 femora
1731 2293 2103 2366 insidentis
2136 2296 2341 2394 pueri
2378 2294 2716 2368 deficiens
2740 2294 3037 2384 corruit,

906 2427 977 2483 et
1010 2411 1206 2484 velut
1238 2410 1512 2508 fulgure
1539 2412 1871 2507 trajectus
1892 2465 1913 2502 ,
1954 2427 2154 2484 sexto
2181 2412 2208 2450 ⁸
2250 2411 2554 2486 miliario
2590 2411 2683 2484 ab
2717 2411 2895 2483 urbe
2931 2435 3044 2481 ex-

906 2529 1219 2626 spiravit.
1255 2531 1538 2616 Quanta
1563 2543 1736 2599 tunc
1760 2528 1889 2599 fuit
1913 2528 2379 2627 perturbatiO,
2412 2543 2678 2626 quanta
2702 2529 3041 2616 anxietaS,

906 2644 1010 2718 illi
1067 2644 1512 2745 perpendere
1570 2645 1811 2718 valent
1826 2701 1847 2737 ,
1911 2647 2036 2744 qui
2092 2671 2295 2721 casus
2356 2646 2616 2719 similes
2640 2643 3047 2743 aliquando

899 2764 1224 2863 perpessi
1272 2776 1437 2835 sunt
1451 2816 1471 2854 ,
1527 2777 1598 2833 et
1645 2786 1733 2833 ex
1769 2762 2113 2834 similibus
2160 2763 2416 2836 similia
2451 2763 2810 2860 colligant.
2864 2765 3049 2833 Puer

907 2881 1316 2979 inexpertus
1351 2880 1530 2951 tanti
1554 2880 1825 2951 itineris
1847 2878 2334 2952 difficultatem
2356 2934 2377 2972 ‚
2417 2878 2639 2952 fessus
2682 2895 2835 2951 toto
2888 2902 3049 2949 cor-

907 3022 1086 3095 pore
1121 3022 1308 3099 equo
1343 2998 1603 3071 amisso
1639 2996 1944 3092 jacebat.
2002 2997 2524 3094 Impedimenta
2569 2998 2721 3069 sine
2762 3011 3050 3068 vectore

951 3112 1226 3185 derant.
1279 3113 1548 3185 Imbres
1582 3115 1803 3185 nimia
1846 3113 2201 3187 infusione
2234 3112 2560 3187 ruebant.
2604 3112 2881 3186 Coelum
2914 3136 3050 3183 nu·

879 3228 1052 3325 'bila
1075 3230 1580 3329 praetendebat.
1616 3230 1763 3322 Sol,
1789 3231 1940 3327 jam
1966 3232 2041 3301 in
2079 3256 2335 3303 occasu
2352 3286 2373 3323 ‚
2414 3230 2819 3303 minabatur
2854 3244 3050 3301 tene·

907 3344 1097 3433 bras,
1139 3350 1331 3418 Inter
1353 3345 1507 3418 haec
1529 3340 1805 3439 omnia.
1848 3346 2201 3419 dubitanti
2234 3334 2613 3419 consilium
2646 3371 2689 3418 a
2710 3350 2867 3417 Deo
2894 3369 3043 3416 non

909 3461 1155 3534 defuit.
1201 3466 1510 3535 Puerum
1537 3486 1850 3562 namque
1875 3478 2043 3535 cum
2068 3463 2595 3563 impedimentis
2625 3462 2725 3534 ibi
2749 3462 3040 3560 reliqui3

910 3576 1318 3677 dictatoque
1367 3580 1433 3650 ei
1485 3579 1661 3678 quid
1710 3581 2180 3677 interrogatus
2232 3604 2275 3651 a
2333 3578 2861 3652 transeuntibus
2902 3602 3047 3650 res-

908 3695 1283 3795 ponderet,
1313 3711 1384 3768 et
1402 3710 1482 3767 ut
1513 3722 1771 3769 somno
1795 3698 2199 3769 imminenti
2222 3696 2601 3787 resisteret,
2628 3695 2782 3767 solo
2809 3696 3048 3793 equite

912 3812 1300 3884 Carnotino
1354 3814 1736 3885 comitatus
1755 3868 1774 3905 ,
1814 3813 2107 3886 Meldim
2150 3815 2468 3915 perveni.
2530 3818 2831 3885 Pontem
2867 3837 3047 3909 quo-

909 3953 1051 4026 que
1085 3928 1204 3999 vix
1236 3926 1328 3999 de
1363 3928 1520 4002 luce
1545 3929 1798 4003 videns
1818 3985 1837 4022 ,
1884 3930 2266 4029 ingredior.
2311 3936 2400 4003 Et
2430 3930 2607 4003 dum
2643 3929 3049 4028 diligentius

980 4130 996 4159 ¹
1038 4114 1089 4181 ἶ.
1119 4112 1194 4181 υῖ.
1220 4128 1392 4180 codes.

977 4213 1000 4242 ¹
1036 4211 1336 4283 ceter-iisque
1381 4211 1556 4265 codes.

979 4294 1002 4327 ⁸
1036 4294 1189 4347 tertio
1215 4312 1342 4347 corr.
1367 4296 1506 4347 VI‘0.
