3459 5375
993 563 1115 624 226
1707 561 2041 624 RlCHERl
2085 561 2232 623 LlB.
2278 563 2387 622 lv.

995 719 1029 756 cc
1073 690 1224 764 fuit.
1257 691 1522 764 'Sancta
1549 705 1957 776 sanctorum
2002 691 2319 764 hostium
2360 692 2631 791 impetu
2656 699 3129 774 contaminata

991 841 1027 880 α
1071 824 1270 899 sunt,
1305 807 1781 880 sanctuarium
1809 809 1941 880 Dei
1982 807 2265 880 nefariis
2302 808 2703 907 quibusque
2740 812 3078 888 violatum
3103 874 3121 904 ‚

988 957 1024 996 «
1066 927 1255 998 cives
1281 948 1571 1022 quoque
1589 923 2107 1024 apraedonibus
2121 924 2401 1024 direpti.
2424 929 2753 1013 Quorum
2776 930 3125 1004 malorum

986 1075 1022 1114 «
1065 1043 1182 1116 ille
1220 1055 1468 1113 auctor
1512 1065 1663 1113 esse
1719 1041 2158 1132 criminatur,
2218 1044 2340 1140 qui
2394 1041 2485 1114 ab
2544 1043 2869 1118 hostibus
2924 1054 3127 1122 tutari

986 1193 1021 1231 «
1065 1158 1312 1233 debuit
1329 1213 1348 1249 ,
1409 1157 1741 1230 Arnulfus
1793 1158 2111 1255 ejusdem
2166 1159 2362 1230 urbis
2404 1161 2802 1260 episcopus,
2860 1169 3018 1236 Hoc
3066 1169 3125 1239 ei

981 1310 1018 1350 «
1061 1275 1474 1349 intenditur.
1517 1273 1621 1346 Ad
1647 1273 1792 1345 hoc
1836 1273 2361 1348 discutiendum
2396 1277 2649 1374 regalis
2677 1279 2983 1377 dignitas
3014 1283 3127 1357 hic

980 1425 1016 1464 κ
1060 1419 1194 1466 nos
1236 1391 1541 1490 collegit.
1591 1391 1969 1464 Elaborate
1994 1392 2227 1489 igitur,
2261 1407 2497 1491 patres
2531 1397 2905 1469 reverendi
2930 1451 2951 1486 ,
3002 1423 3117 1490 ne,

978 1543 1012 1580 κ
1058 1510 1268 1582 unius
1292 1508 1617 1610 perfidia,
1653 1508 1955 1606 dignitas
1982 1509 2439 1582 sacerdotalis
2466 1511 2776 1585 vilescat.
2815 1543 2850 1582 υ

1966 1671 2111 1724 htv,

1068 1812 1334 1881 Contra
1369 1805 1520 1878 haec
1546 1829 1713 1876 cum
1749 1804 2045 1902 quidam
2095 1805 2557 1879 residentium
2608 1811 3123 1910 responderent

968 1925 1382 2025 hujusmodi
1406 1924 1777 1996 hominem
1804 1923 2215 2022 quantotius
2254 1926 2865 2020 convincendum,
2924 1945 2999 2001 et
3027 1933 3125 2004 sic

959 2047 1152 2143 justo
1171 2043 1432 2141 juditio
1453 2040 1929 2142 puniendum,
1953 2042 2283 2138 siguinus
2308 2043 2684 2143 episcopus
2702 2071 2851 2118 non
2876 2047 2959 2119 id
2974 2073 3121 2121 sese

966 2163 1482 2264 permissurum
1513 2156 1916 2258 respondit,
1964 2173 2045 2230 ut
2067 2159 2125 2229 is
2162 2159 2287 2256 qui
2311 2159 2693 2256 majestatis
2725 2187 2890 2234 vreus
2918 2187 3120 2236 accu-

966 2296 1162 2354 satur
1197 2277 1332 2349 sub
1386 2275 1813 2350 discutiendi
1848 2299 2151 2348 censura
2205 2292 2540 2374 ponatur,
2608 2278 2747 2350 nisi
2804 2294 2975 2352 ante
3035 2306 3117 2354 ex

957 2393 1425 2495 jurejurando
1462 2393 2017 2492 promissionem
2056 2392 2510 2492 indulgentiae
2530 2449 2549 2486 ,
2600 2395 2693 2468 ab
2734 2397 3027 2496 regibus
3050 2415 3119 2472 et

967 2513 1317 2615 episcopis
1341 2510 1662 2609 accipiat.
1703 2510 1929 2608 quue
1967 2508 2371 2582 faciendum
2410 2512 2767 2584 asserebat
2806 2539 2897 2586 ex
2948 2539 3119 2586 con-

967 2631 1108 2705 cilii
1132 2627 1453 2703 Toletani
1475 2627 1704 2726 capite
1731 2628 1853 2703 31.
1890 2627 2131 2716 Quod,
2166 2628 2335 2727 quia
2350 2628 2677 2703 brevitati
2713 2630 3115 2723 studemus,

967 2748 1342 2821 omisimus
1367 2768 1666 2843 ponere.

1169 2972 1294 3026 LIV
1306 2970 1361 3023 ὓ.
1378 2999 1452 3013 --
1465 2969 1847 3025 sermocinatio
1862 2970 1892 3003 ¹¹
1921 2970 2157 3023 Daiberti
2173 2972 2205 3005 θ’
2228 2986 2329 3043 pro
2346 2970 2377 3006 '¹
2398 2968 2593 3043 juditio
2624 2971 2842 3025 ferendo
2857 2972 2911 3025 ⁸.

1065 3116 1443 3190 Daibertus
1469 3169 1490 3205 ,
1561 3114 2105 3185 Bituricensium
2180 3114 2758 3215 archiepiscopus
2782 3172 2801 3205 ,
2874 3116 3053 3187 dixit
3092 3144 3109 3187 τ

975 3264 1012 3305 «
1053 3240 1236 3307 Cum
1281 3246 1558 3305 constet
1609 3230 1875 3303 factum
1893 3287 1912 3322 ,
1960 3248 2031 3303 et
2070 3230 2162 3302 de
2211 3233 2504 3304 nomine
2552 3232 2718 3305 facti
2766 3232 3115 3305 dubitatio

974 3380 1010 3421 «
1052 3350 1248 3422 nulla
1313 3349 1439 3439 sit,
1507 3362 1857 3445 quantum
1924 3372 2213 3445 quoque
2268 3348 2539 3420 facinus
2588 3348 3106 3447 perpendatur,

973 3498 1008 3537 α
1051 3465 1422 3565 quomodo
1452 3490 1538 3537 ex
1565 3462 1979 3536 necessitate
2002 3482 2128 3536 reo
2152 3466 2237 3535 sit
2263 3464 2807 3573 indulgendum,
2833 3466 3111 3566 penitus

974 3614 1009 3653 «
1051 3607 1202 3657 non
1226 3579 1545 3652 adverto.
1581 3580 1712 3650 Hic
1750 3580 1945 3653 enim
1972 3578 2333 3652 incurrere
2374 3580 2751 3652 necessitas
2799 3580 3105 3671 videtur,

973 3733 1009 3771 «
1041 3726 1220 3773 cum
1265 3698 1607 3795 juditium
1654 3697 2259 3797 promulgandum
2328 3723 2476 3770 non
2546 3698 2667 3787 sit,
2734 3699 2867 3769 nisi
2920 3697 3115 3797 prius

973 3851 1007 3888 κ
1051 3815 1376 3917 supplicii
1429 3814 1868 3913 indulgentia
1919 3814 2415 3887 convincendo
2480 3839 2817 3887 concessa
2869 3813 3102 3887 fuerit.

973 3966 1010 4007 α
1054 3939 1142 4007 At
1166 3934 1226 4005 si
1251 3932 1347 4004 ad
1371 3932 1708 4008 secularia
1747 3933 1908 4029 jura
1935 3932 2372 4031 respiciatur,
2415 3931 2928 4029 quodcumque
2962 3956 3109 4003 sce-

975 4083 1014 4122 «
1051 4053 1162 4125 lus
1192 4051 1491 4150 quisque
1518 4051 1975 4140 commiserit,
2018 4048 2413 4122 secundum
2444 4048 2727 4123 sceleris
2754 4048 3062 4122 modum
3082 4102 3101 4139 ,

975 4200 1012 4238 «
1052 4166 1484 4267 poenitentiae
1517 4166 1875 4239 severitati
1904 4163 2319 4262 subjacebit.
2356 4193 2392 4231 υ

1039 4344 1070 4377 *⁵
1102 4344 1284 4396 Sermo
1300 4381 1315 4407 ,
1341 4342 1476 4395 berti
1503 4359 1604 4413 pro
1627 4380 1641 4406 ,
1669 4342 1775 4395 fere
1804 4341 2009 4392 abscisa.
