3459 5375
996 532 1117 597 308
1729 528 2063 593 RICHERI
2107 532 2258 603 LIB.
2307 533 2415 594 lv.

994 658 1498 761 praesentaliter
1538 663 1720 735 ratio
1771 663 2088 737 discussa
2131 679 2240 737 est
2281 662 2416 737 sub
2461 666 2830 763 praesentia
2883 668 3138 739 Leonis

994 778 1268 852 abbatis
1322 794 1393 852 et
1428 778 1766 853 monaehi
1791 779 1998 877 legati
2047 779 2494 879 aliorumque
2539 803 2756 877 quam
2789 779 3128 879 plurium.

994 900 1231 988 Bel-ta,
1262 896 1540 969 Odonis
1560 900 1581 936 ²
1601 921 1810 987 uxor,
1839 920 2128 970 suarum
2153 922 2394 971 rerum
2429 896 2899 971 defensorem·
2923 900 3135 996 atque

992 1013 1419 1087 advocatum
1456 1013 1876 1086 Rotbertum
1908 1038 2151 1111 regem
2176 1012 2470 1111 aoeepit.
2507 1014 2899 1087 Richardus
2928 1040 3134 1113 pyra-

992 1144 1227 1203 tarum
1262 1128 1409 1201 dux
1438 1127 1811 1230 apoplexia
1846 1130 2124 1202 minore
2159 1126 2390 1229 periit,
2433 1128 2812 1203 Hilduinus
2846 1154 3134 1229 quoque

994 1243 1404 1317 vinolentia.

1089 1362 1400 1435 Sinodus
1434 1362 1752 1461 quinque
1789 1362 2294 1462 episcoporum
2319 1363 2396 1435 in
2423 1377 2671 1435 monte
2695 1378 2955 1435 sanctae
2979 1366 3136 1435 Ma-

989 1480 1110 1553 riae
1154 1480 1401 1553 habita
1438 1494 1564 1553 est.
1626 1478 2042 1579 [Heinrieus
2091 1470 2382 1578 quoque
2436 1479 2584 1551 dux
2627 1477 2806 1552 obiit
2840 1478 2932 1579 ¹.]
2989 1479 3136 1552 Alia

990 1597 1164 1669 item
1198 1596 1497 1669 sinodus
1532 1596 1725 1696 apud
1761 1595 2179 1697 Engleheim
2212 1596 2480 1689 indicta
2525 1610 2634 1669 est
2669 1612 2928 1669 sanctae
2964 1601 3136 1694 Aga-

989 1712 1147 1787 thes
1204 1714 1574 1787 festivitate
1620 1712 1994 1805 habenda,
2033 1736 2194 1811 quae
2233 1727 2306 1785 et
2347 1736 2480 1785 suo
2527 1728 2851 1813 tempore
2893 1714 3138 1787 habita

990 1846 1165 1903 est.
1122 1832 1144 1871 ⁸

1088 1952 1292 2019 Berta
1326 1945 1667 2019 notberto
1702 1944 1978 2018 nubere
2021 1940 2764 2035 volens,Gerbe1-tum
2795 1946 3131 2037 consulit,

988 2088 1075 2137 ae
1096 2064 1189 2137 ab
1212 2089 1301 2136 eo
1326 2063 1772 2137 confutatur.

1082 2180 1471 2254 Ger-bertus
1508 2182 1808 2253 Romam
1844 2178 2386 2251 ratiocinaturus
2437 2177 2670 2267 vadit,
2722 2201 2806 2249 ac
2850 2177 2977 2269 ibi,
3027 2204 3136 2251 ra-

985 2300 1183 2371 tione
1226 2320 1428 2397 papae
1480 2296 1685 2386 data,
1735 2316 1904 2368 eum
1942 2294 2185 2367 nullus
2212 2308 2614 2384 accusaret,
2659 2292 2797 2366 alia
2834 2294 3132 2367 sinodus

985 2414 1388 2489 indicitur-⁴.

1084 2534 1291 2628 Hugo
1319 2542 1441 2601 rex
1467 2528 1747 2629 papulis
1779 2536 1936 2601 toto
1967 2525 2274 2627 c'orpor'e
2308 2524 2715 2615 confectis,
2747 2526 2822 2597 in
2857 2526 3131 2627 oppido

983 2648 1326 2746 Hugonis
1316 2642 1573 2719 Judeis
1609 2644 1963 2718 extinctus
1989 2658 2120 2718 est

1086 2763 1467 2838 Rotbertus
1486 2788 1611 2836 rex
1632 2763 1820 2862 patri
1847 2761 2275 2851 succedens,
2307 2783 2604 2834 suorum
2639 2761 2939 2834 oonsilio
2980 2767 3136 2834 Ber-

986 2898 1135 2956 tam
1184 2881 1385 2956 duxit
1430 2900 1768 2972 uxorem,
1801 2905 1886 2952 ea
1920 2904 2092 2953 usus
2139 2879 2416 2950 ratione
2435 2931 2458 2969 ,
2511 2877 2713 2976 quod
2749 2866 3004 2950 melius
3047 2879 3134 2950 sit

989 3025 1293 3099 parvum
1320 2998 1609 3098 aggredi
1629 2997 1901 3070 malum
1924 3050 1945 3087 ,
1971 3011 2055 3068 ut
2075 2995 2470 3078 maximum
2493 2995 2818 3067 evitetur.

1092 3141 1471 3214 Rotbertus
1514 3166 1665 3228 rex,
1719 3139 1934 3212 dueta
1993 3143 2200 3211 Berta
2255 3161 2480 3208 uxore
2499 3191 2520 3228 ,
2579 3136 2653 3208 in
2702 3135 3092 3210 Fuleonem
3109 3191 3126 3225 ,

988 3260 1116 3360 qui
1151 3259 1430 3333 Odonis
1456 3258 1902 3332 adversarius
1928 3257 2180 3346 fuerat,
2227 3254 2448 3326 fertur
2465 3307 2485 3343 ,
2517 3268 2590 3325 et
2624 3253 2717 3326 ab
2753 3277 2843 3325 eo
2883 3252 3132 3325 urbem

991 3378 1418 3457 'turonicam
1452 3391 1523 3451 et
1556 3375 1694 3448 alia
1718 3399 1879 3474 quae
1902 3386 2308 3474 pervaserat
2335 3372 2482 3442 vim
2503 3370 2774 3468 recipit.

1094 3509 1472 3584 Rotbertus
1497 3535 1623 3592 rex
1648 3512 1721 3583 in
1746 3508 2122 3607 Aquitania
2142 3505 2241 3580 ob
2268 3521 2609 3606 nepotem
2643 3529 2855 3578 suum
2899 3501 3132 3577 wilel-

996 3655 1197 3702 mum
1222 3627 1602 3702 obsidione
1634 3625 2128 3736 [hidebertum
2151 3625 2437 3724 premit.

1073 4022 1091 4052 ¹
1128 4019 1197 4072 Ο.
1232 4015 1405 4070 code-z.

1068 4105 1095 4138 ⁸
1131 4105 1303 4156 iterem
1324 4099 1507 4152 deleta.

1074 4189 1098 4222 ⁸
1398 4196 1419 4234 t
1454 4223 1469 4236 .

1076 4273 1101 4306 ⁴
1131 4184 1395 4342 2⁰:⁶55th
1415 4202 1688 4320 :ceumaco
1700 4265 1853 4334 fusco
1878 4280 1973 4336 quo
1990 4259 2124 4330 solia
2145 4259 2327 4314 codicis
2361 4259 2532 4314 1—28
2556 4271 2760 4312 examen
2788 4269 2936 4318 sunu
2959 4255 3129 4328 reliqua

1005 4367 1324 4410 aeramentum
1349 4371 1538 4423 myrum
1558 4349 1794 4419 solioum·
1817 4348 2042 4400 28—55'
2061 4347 2355 4419 proesenmt.
