3459 5375
1026 596 1146 657 2⁸76
1745 590 2074 653 menam
2121 590 2268 653 LlB.
2311 593 2418 651 lv.

1022 730 1310 803 faciunt.
1354 733 1499 801 Nec
1534 728 1770 800 minus
1815 727 2280 800 Flandrenses
2320 729 2336 763 ⁴
2397 730 2718 819 accersit,
2776 730 2870 801 ab
2911 732 3150 829 eisque

1019 846 1312 920 tutelam
1355 846 1583 944 petiit,
1628 844 1858 917 vicem
1901 844 2269 943 pollicem,
2318 844 2378 916 si
2411 845 2610 942 quod
2639 847 2817 945 petit
2850 871 3001 918 non
3035 846 3152 919 ab·

1018 980 1264 1038 nuant.
1322 962 1428 1033 Illi
1473 986 1763 1061 quoque
1815 963 2056 1033 animo
2107 960 2380 1033 liberali
2421 962 2696 1059 quesita
2745 982 3148 1037 accommo-

1015 1080 1216 1152 dant.
1277 1080 1525 1151 Piratis
1568 1080 1782 1151 etiam
1833 1078 2101 1176 legatos
2147 1078 2482 1176 dirigens,
2540 1080 2781 1177 copias
2823 1079 2958 1152 sibi
2994 1105 3144 1153 non

1010 1198 1253 1295 negari
1278 1194 1623 1295 deposcit.
1656 1200 1965 1294 Tempus
1991 1212 2060 1267 et
2085 1194 2285 1267 locus
2311 1192 2645 1269 omnibus
2667 1198 3137 1289 constituitur,

1008 1338 1156 1411 quo
1192 1312 1471 1385 collecti
1512 1338 1665 1385 sese
1708 1311 2100 1384 conferant.
2145 1310 2308 1383 Odo
2353 1312 2634 1383 interim
2680 1336 2848 1383 suos
2880 1311 3135 1410 placat,

1006 1430 1270 1528 colligit
1304 1444 1376 1517 et
1412 1430 1659 1502 incitat
1675 1486 1693 1512 ,
1739 1444 2073 1527 ratusque
2113 1426 2357 1526 Belgas
2397 1442 2466 1500 et
2499 1428 2760 1526 piratas
2795 1431 3144 1528 tempesti-

1002 1572 1157 1638 voS,
1188 1570 1355 1619 cum
1390 1570 1685 1619 suorum
1723 1546 1972 1645 paucis
2008 1560 2203 1617 tanta
2250 1544 2604 1617 celeritate
2650 1545 2722 1616 in
2757 1544 3140 1617 Fulconem

984 1664 1245 1749 fertur,
1277 1678 1357 1735 ut
1384 1664 1457 1734 in
1502 1644 1893 1735 certamine
1927 1662 2085 1760 plus
2110 1676 2420 1760 quatuor
2462 1660 2762 1735 milibus*
2792 1679 3140 1761 pugnato·

1000 1803 1162 1849 rum
1188 1802 1336 1849 non
1378 1775 1693 1849 haberet.
1747 1780 1993 1848 Castro
2038 1790 2277 1851 tamen
2319 1776 2768 1849 obsidionem
2816 1776 3130 1867 adhibet,

1000 1892 1511 1991 armiferosque
1544 1892 1862 1991 disponit
1883 1946 1902 1982 ,
1948 1908 2339 1965 castrenses
2366 1892 2591 1965 multo
2631 1908 2893 1965 conatu
2933 1894 3134 1966 adur-

999 2025 1139 2107 get.

1300 2172 1447 2227 XCI.
1464 2200 1536 2213 —
1557 2172 1803 2225 Falconis
1835 2130 2146 2243 supplicatio
2159 2170 2193 2205 ³*
2226 2168 2405 2223 Odoni
2434 2188 2532 2243 per
2561 2138 2754 2243 legatos
2769 2172 2821 2222 ὖ.

1000 2328 1005 2341 “
1096 2327 1311 2401 Fulco
1346 2352 1584 2427 regem
1611 2342 2012 2401 morantem
2037 2352 2186 2399 non
2222 2326 2744 2418 auxiliaturum,
2775 2343 2848 2400 et
2859 2327 3132 2400 Odonis

997 2446 1386 2521 exercitum
1421 2444 1938 2517 intolerabilem
1989 2460 2207 2535 ratuS,
2249 2446 2628 2517 remissiori
2677 2470 2844 2517 mox
2891 2445 3132 2517 animo

997 2562 1280 2634 habitus
1325 2576 1454 2634 est.
1516 2565 1760 2659 ltaque
1793 2586 1924 2661 per
1971 2561 2240 2659 legatos
2279 2561 2557 2635 Odonis
2600 2562 2981 2634 amicitiam
3026 2588 3132 2634 ex-

996 2680 1211 2778 petit3
1245 2705 1377 2779 pro
1404 2679 1678 2752 Conani
1703 2678 1994 2750 interitu
2017 2693 2304 2751 centum
2343 2677 2593 2777 pondo
2629 2677 2655 2716 ⁸
2687 2678 2958 2777 argenti
2985 2705 3132 2750 sese

1001 2801 1492 2898 impensurum
1549 2795 1878 2887 mandat;
1936 2795 2098 2867 loco
2159 2795 2398 2867 militis
2452 2796 2851 2886 interfecti,
2911 2795 3132 2868 filium

1002 2941 1210 2988 suum
1248 2907 1381 3013 pro
1424 2939 1512 2985 eo
1564 2912 2027 2985 militaturum
2065 2911 2304 3003 offert;
2359 2927 2667 2984 castrum
2705 2929 3132 2985 exstructum

1006 3034 1077 3103 in
1118 3032 1271 3128 ejus
1316 3030 1595 3102 honore
1636 3054 1789 3101 sese
1839 3054 2277 3119 eversurum,
2336 3045 2549 3126 atque
2584 3054 2625 3100 a
2667 3030 2810 3100 suis
2851 3055 3136 3102 evacua·

1006 3165 1285 3239 turum3
1327 3172 1477 3230 sese
1514 3171 1804 3244 quoque
1840 3147 1904 3220 ei
1949 3161 2202 3246 sponte
2239 3144 2726 3236 militaturum,
2771 3147 2828 3218 si
2873 3137 2947 3218 i'd
2991 3149 3132 3245 regi

1004 3265 1423 3362 injuriosum
1452 3286 1599 3334 non
1638 3262 1842 3350 foret.
1893 3262 2108 3350 Quod
2150 3263 2314 3359 quia
2363 3261 2627 3359 absque
2673 3264 2853 3360 regis
2885 3263 3136 3358 injuria

1006 3382 1159 3455 fieri
1204 3406 1349 3454 non
1399 3394 1703 3479 poterat,
1760 3379 1910 3475 ejus
1951 3378 2098 3449 filio
2143 3403 2396 3468 manus
2439 3403 2568 3478 per
2619 3395 3134 3453 sacramentum

1010 3499 1244 3589 daret3
1282 3499 1521 3594 itaque
1564 3495 1790 3585 lieret,
1831 3508 1910 3566 ut
1952 3495 2101 3594 ipse
2135 3519 2302 3566 cum
2343 3511 2510 3568 nato
2555 3495 2888 3569 militaret
2907 3551 2928 3588 ,
2973 3522 3136 3570 cum

1012 3617 1235 3692 filium
1278 3639 1487 3688 suum
1530 3612 1774 3685 Odoni
1796 3637 1932 3710 pro
1968 3617 2266 3684 Conano
2309 3611 2533 3704 daret,
2580 3624 2654 3686 et
2687 3639 2840 3687 sese
2867 3615 3137 3688 Odonis

1014 3731 1161 3803 filio
1190 3731 1607 3803 militaturos
1650 3729 2146 3802 committeret.
2189 3732 2538 3800 Daturum
2575 3755 2649 3803 se
2675 3731 2888 3802 etiam
2923 3729 3133 3803 fidem

1016 3833 1459 3920 sacramento
1505 3860 1756 3917 contra
1799 3842 2127 3916 omnium
2163 3869 2484 3935 causam,
2536 3860 2792 3943 praeter
2833 3846 3016 3944 regis
3071 3862 3136 3918 et

1014 3965 1275 4037 borum
1315 3961 1574 4061 quibus
1607 3961 1890 4062 speciali
1925 3957 2530 4062 consanguinitate
2555 3964 2783 4036 carius
2821 3961 3132 4036 addictus

1088 4195 1117 4227 ¹*
1152 4191 1325 4264 suppli
1338 4231 1353 4257 ,
1390 4201 1563 4260 egatos
1588 4187 1798 4241 abscisa.

1081 4278 1103 4312 ¹
1138 4273 1465 4330 fraudi-enses
1486 4292 1607 4326 corr.
1634 4271 1949 4327 flandi-eme·
1970 4271 2141 4324 codex.

1078 4376 1100 4407 ⁸
1136 4360 1187 4426 c-
1207 4358 1265 4443 p-
1288 4369 1463 4423 codex.
