3459 5375
922 574 965 650 ,ι
985 569 1059 625 12
1646 561 1969 621 ulcussm
2013 560 2162 620 Lm.
2213 561 2329 619 111.

934 699 1130 772 duce.
1144 696 1573 799 reliquisque
1596 696 2038 795 principibus
2061 694 2464 766 Ludovicus
2488 719 2612 766 rex
2644 693 3080 785 adclamatus

934 842 1067 916 per
1094 816 1725 915 metropolitanum
1753 815 2168 912 episcopum
2193 816 2604 920 Remorum,
2635 810 2865 909 dignae
2885 812 3081 885 vide-

937 936 1099 1009 licet
1136 936 1499 1008 memoriae
1522 934 2078 1021 Adalberonem‚
2112 944 2354 1003 sancta
2387 929 2504 1002 die
2530 945 2976 1030 pentecostes
3001 931 3076 1003 in

940 1079 1240 1152 regnum
1253 1058 1691 1123 Francorum
1712 1054 2088 1149 promotus
2112 1062 2238 1119 est.
2265 1046 2567 1119 Duobus
2589 1073 2759 1145 ergo
2782 1072 3081 1143 regnan-

938 1173 1125 1243 tibus
1152 1171 1299 1242 dux
1320 1170 1556 1241 multa
1584 1167 1987 1241 affabilitate
2011 1192 2093 1238 ac
2119 1165 2460 1239 famulatu
2495 1165 2868 1264 multiplici
2887 1219 2908 1255 ,
2953 1190 3082 1263 per

943 1287 1093 1358 dies
1132 1286 1372 1385 plures
1407 1310 1558 1357 sese
1607 1281 2192 1373 commendabat3
2251 1280 2433 1353 adeo
2477 1282 2743 1379 regiam
2781 1280 3084 1378 dignita-

938 1419 1085 1475 tem
1132 1427 1261 1501 per
1308 1402 1555 1474 omnia
1604 1400 1948 1472 extollens
1968 1453 1986 1490 ,
2059 1414 2130 1471 et
2179 1400 2390 1471 sese¹
2461 1400 2562 1470 eis
2603 1395 3076 1497 supplicem²

940 1535 1384 1610 monstrans3
1418 1544 1494 1589 se
1520 1520 1734 1589 etiam
1751 1517 2101 1589 facturum
2126 1508 2600 1614 pollicens‚‘ut
2627 1514 2842 1599 ambo
2869 1514 3088 1611 genti-

942 1636 1079 1707 bus
1097 1634 1575 1732 jam.domitis
1613 1649 1945 1733 potenter
1979 1635 2443 1733 imperarent,
2493 1633 2879 1707 indomitas
2912 1656 3088 1729 quo-

944 1778 1084 1849 que
1118 1751 1496 1824 efficaciter
1522 1752 1548 1789 ⁸
1592 1766 2192 1824 mansuescerent.
2223 1751 2305 1822 Id
2339 1752 2554 1824 etiam
2581 1748 3080 1837 meditabatur,

942 1886 1023 1941 ut
1056 1871 1131 1941 in
1160 1870 1464 1941 diversis
1478 1870 1713 1967 regnis
1737 1870 1975 1968 positi,
2006 1870 2272 1965 regiam
2299 1868 2866 1940 dominationem
2890 1892 3086 1938 exer-

943 2002 1224 2078 cerent,
1266 2012 1357 2059 ne
1384 1988 1595 2058 unius
1622 1987 1841 2083 'regni
1879 1987 2232 2093 angustia,
2291 1984 2604 2115 duorum
2645 2008 2895 2093 regum
2938 2007 3087 2055 ma-
3136 1969 3140 1971 ’

936 2106 1172 2202 jestati
1208 2106 1510 2176 nimium
1548 2104 1944 2202 derogaret.

1052 2284 1230 2369 X'CII.
1248 2330 1321 2342 —-
1345 2304 1481 2353 Item
1507 2301 1774 2372 promotio
1817 2300 1894 2351 Lu
1900 2292 2120 2351 dovici1
2103 2298 2159 2351 in
2188 2316 2408 2371 regnum
2446 2298 2738 2369 Aquitania
2769 2300 2980 2370 ejusque

1881 2402 2146 2439 uxorauo-

1041 2533 1234 2600 Dum
1270 2528 1422 2599 haec
1460 2528 1688 2599 multo
1726 2544 1991 2599 conatu
2017 2527 2430 2627 disponeret
2449 2581 2467 2618 ,
2509 2514 2626 2598 alii
2653 2526 2947 2625 quidam
2987 2528 3090 2598 ni-

946 2647 1080 2718 mis
1107 2645 1341 2717 callidi
1374 2644 1518 2716 hoc
1557 2660 1931 2743 comperto
1952 2701 1970 2736 ‚
2015 2670 2182 2717 cum
2215 2645 2627 2743 hujusmodi
2667 2645 2963 2744 gloriam
3009 2644 3092 2715 in'

946 2787 1099 2834 sese
1124 2761 1619 2833 transfundere
1657 2762 1923 2834 vellent
1943 2817 1960 2851 ,
2005 2767 2333 2835 Emmam
2357 2765 2675 2861 reginam
2710 2762 3080 2852 adeunteS,

942 2905 1156 2978 super
1178 2880 1485 2973 maxima
1519 2903 1597 2949 re
1624 2904 1698 2950 se
1736 2875 2187 2951 consulturos
2214 2880 2568 2952 dixerunt.
2603 2881 2745 2968 Qui
2779 2881 3088 2978 suscepti

946 3021 987 3067 a
1025 2997 1303 3094 regina,
1345 2995 1443 3066 id·
1464 2995 1598 3067 sibi
1633 2996 1860 3068 videri
1905 2999 2257 3095 optimum
2302 2991 2670 3086 dixerunt,
2723 2996 3086 3068 Ludovico

946 3116 1092 3212 regi
1142 3113 1659 3186 assciscendam
1707 3113 2100 3213 conjugem'
2128 3115 2540 3188 Adelaidem
2565 3171 2582 3204 ,
2647 3114 3088 3212 Ragemundi

944 3257 1175 3330 nuper
1210 3232 1527 3304 defuncti
1562 3231 1763 3302 ducis
1809 3233 2216 3305 Gothorum
2255 3231 2428 3304 olim
2469 3258 2790 3305 uxorem.
2822 3237 2911 3303 Et
2935 3257 3084 3304 non

827 3342 835 3356 ’
944 3352 1166 3446 magis
1192 3349 1585 3447 potentiam
1622 3349 1968 3446 regnandi
1994 3373 2080 3420 ex
2119 3339 2261 3421 hoc
2300 3373 2512 3448 posse
2547 3349 2784 3446 augeri
2809 3404 2829 3440 ‚
2871 3373 3088 3448 quam

944 3465 1079 3535 sibi
1126 3464 1473 3536 nonnulla
1528 3466 1913 3538 commoda
1970 3465 2270 3562 adquiri.
2325 3468 2706 3538 Enimvero
2750 3464 3087 3564 possibile

946 3581 1123 3673 fieri,
1166 3598 1392 3653 totam
1430 3583 1880 3682 Aquitaniam
1919 3584 2271 3699 simulque
2313 3600 2384 3655 et
2417 3585 2754 3655 Gothiam
2789 3609 2921 3655 suo
2958 3584 3089 3653 im-

944 3701 1146 3800 perio
1175 3700 1496 3797 asstringi
1536 3725 1791 3798 posse,
1836 3715 2220 3800 postquam
2259 3727 2346 3773 ex
2379 3702 2540 3798 jure
2579 3702 2809 3773 ductae
2848 3700 3088 3772 uxoris

947 3814 1213 3913 oppida
1248 3817 1717 3888 munitissima
1743 3817 1836 3888 ad
1875 3844 2085 3889 suum
2109 3819 2227 3914 jus
2253 3829 2716 3917 retorqueret.
2745 3821 3088 3950 Magnum

948 3929 1160 3998 etiam
1196 3926 1595 4054 quiddam
1577 3954 1650 4018 in
1694 3929 1831 4001 hac
1866 3955 1979 4019 re,
2023 3945 2094 4001 et
2132 3929 2299 4003 utile
2326 3929 2764 4029 comparari,
2797 3931 2856 4000 si
2889 3944 3091 4028 patre

1018 4157 1033 4186 ¹
1074 4175 1238 4226 seper
1266 4157 1445 4208 omma
1473 4156 1653 4209 deleta.

1018 4241 1041 4290 ².
1076 4241 1415 4311 supplicicem
1437 4241 1550 4294 cod.

1018 4325 1040 4352 ³
1071 4325 1340 4378 efficatiter
1362 4327 1473 4377 cod.
