3459 5375
779 522 858 583 16
1477 514 1806 577 RICHERI
1849 514 2001 575 Lm.
2051 514 2169 577 111.

1772 978 1926 1033 XIV.

885 1100 971 1167 ln
1001 1116 1147 1195 qua
1189 1114 1432 1164 rerum
1473 1088 1975 1163 distributione
2017 1114 2184 1163 cum
2232 1074 2547 1163 dorimus
2590 1116 2675 1166 ac
2720 1119 2933 1168 reve-

790 1211 1058 1287 rendus
1100 1207 1432 1282 Artoldus
1477 1208 2070 1307 metropolitanus
2119 1206 2517 1313 admodum
2550 1210 2625 1281 in
2670 1209 2790 1283 die
2832 1210 2932 1285 la-

792 1330 1115 1403 borasset
1131 1380 1152 1419 ,
1193 1340 1267 1399 et
1296 1350 1444 1425 prae
1477 1322 1683 1397 solis⁴
1731 1324 2011 1398 fervore
2044 1339 2205 1425 toto
2236 1350 2543 1426 corpore
2577 1326 2929 1422 sudasset,

793 1470 962 1519 cum
987 1458 1260 1516 vestem
1284 1441 1653 1539 abjiceret,
1680 1466 1815 1540 per
1838 1466 2061 1540 poros
2099 1440 2339 1515 calore
2376 1456 2659 1541 apertos
2672 1497 2693 1535 ,
2722 1438 2939 1543 frigus

797 1559 1208 1637 autumnale
1229 1558 1257 1597 ²
1299 1559 1608 1656 irrepsit.
1634 1560 1960 1655 Natoque
1995 1582 2085 1630 ex
2117 1558 2404 1631 interno
2431 1558 2742 1657 fiigdore
2774 1586 2942 1661 epa·

798 1680 891 1751 tis
913 1675 1172 1750 morbo
1192 1730 1212 1766 ‚
1252 1673 1492 1745 nimiis
1517 1670 1889 1747 doloribus
1923 1672 2291 1747 confectus
2308 1728 2327 1766 ,
2371 1676 2605 1775 pridie
2638 1674 2937 1749 Kalend.

803 1793 1062 1868 Octob.
1105 1818 1151 1867 a
1182 1815 1316 1865 suo
1341 1787 1719 1891 praesulatu
1756 1791 1962 1863 annis
1984 1790 2011 1828 ⁸
2051 1792 2317 1889 vigenti
2343 1791 2539 1866 diem
2564 1794 2725 1865 vitae
2748 1793 2948 1866 clau-

805 1919 897 1991 sit
928 1934 1350 1991 extremum.

1818 2028 1943 2081 XV.

907 2150 1127 2247 Cujus
1151 2150 1456 2251 peractis
1480 2148 1863 2247 exsequiis,
1904 2152 2113 2247 Hugo
2140 2150 2552 2249 nuperrime
2576 2148 2723 2223 dux
2748 2156 2958 2223 Fran-

811 2292 1068 2341 corum
1113 2263 1208 2338 ab
1254 2289 1420 2363 rege
1453 2264 1680 2337 factus
1695 2318 1716 2357 ,
1757 2290 2001 2363 regem
2054 2264 2467 2364 suppliciter
2501 2266 2650 2339 adit
2670 2320 2692 2354 ‚
2751 2268 2959 2368 petit-

816 2411 958 2485 que
992 2381 1480 2484 pontificalem
1524 2381 1944 2479 dignitatem
1978 2382 2044 2455 ei
2084 2382 2358 2455 restitui
2386 2438 2407 2476 ‚
2449 2408 2538 2457 eo
2564 2383 2766 2482 quod
2809 2387 2960 2484 ipse

818 2518 984 2577 ante
1017 2482 1405 2574 lArtoldum
1439 2500 1667 2600 ipsam
1709 2498 2013 2600 adeptus
2064 2500 2275 2572 filerit
2294 2554 2314 2591 ‚
2373 2516 2445 2573 et
2485 2524 2638 2574 non
2678 2526 2811 2573 suo
2858 2501 2961 2573 fa-

819 2620 1066 2694 cinore
1084 2670 1105 2710 ,
1145 2616 1275 2690 sed
1318 2614 1603 2689 Rodulfi
1642 2616 1829 2714 regis
1871 2614 2138 2690 invidia
2156 2670 2176 2708 ‚
2209 2616 2585 2690 Artoldum
2632 2618 2697 2690 ei
2723 2641 2965 2716 super-

821 2737 1124 2810 ductum
1177 2749 1554 2808 memorat.
1627 2733 2053 2807 Pei-sistebat
2098 2735 2337 2834 itaque
2385 2750 2466 2808 ut
2516 2734 2956 2809 redderetur.

823 2857 915 2926 Et
959 2851 1200 2926 statim
1235 2849 1522 2924 decreto
1545 2850 1576 2916 ῃ*
1615 2852 1814 2949 regio
1838 2904 1861 2943 ,
1906 2850 2205 2925 sinodus
2256 2855 2763 2952 episcoporum
2802 2867 2969 2952 post

829 2969 982 3042 dies
1016 2967 1514 3068 quadragenos
1545 2965 1886 3041 habenda
1919 2966 2278 3041 indicitur.

1819 3149 1972 3204 xv1.

928 3251 1298 3350 Colligitur
1348 3276 1520 3350 ergo
1567 3255 2081 3328 consummatis
2134 3253 2386 3328 diebus
2439 3258 2514 3327 in
2566 3280 2755 3354 pago
2802 3256 2972 3329 Mel·

832 3367 1035 3443 densi
1061 3393 1266 3442 secus
1290 3369 1592 3442 fluvium
1614 3373 2014 3443 Mati-onam
2027 3427 2048 3465 ‚
2080 3373 2156 3444 in
2182 3373 2345 3445 vico
2369 3373 2495 3471 qui
2518 3389 2838 3446 vocatur.
2856 3429 2870 3445 .
2888 3429 2901 3445 .
2919 3429 2934 3444 .
2950 3427 2969 3464 ,

834 3511 923 3560 ex
945 3487 1273 3560 Remensi
1299 3511 1384 3558 ac
1419 3489 1817 3602 Sfflonensi
1849 3489 2261 3588 provinciiS,
2303 3489 2601 3562 sinodus
2638 3487 2977 3562 tredecim

835 3602 1374 3701 episcoporum,
1404 3602 1703 3701 praeside
1727 3606 2143 3678 Senonense
2168 3604 2533 3705 pontifice.
2578 3609 2771 3680 Inter
2793 3630 2979 3705 quos

837 3718 1054 3790 etiam
1106 3718 1418 3791 fautores
1461 3719 1680 3818 aliqui
1727 3746 1866 3821 pro
1910 3737 2113 3820 parte
2160 3723 2480 3820 Hugonis
2509 3721 2938 3796 videbantur
2953 3777 2973 3814 ,

839 3850 913 3906 et
953 3832 1259 3906 maxime
1301 3834 1405 3906 illi
1448 3837 1574 3933 qui
1607 3835 1777 3908 duci
1816 3839 2418 3932 consuescebant,
2472 3853 2723 3938 utpote
2767 3845 2983 3916 Aure-

915 4063 932 4094 ·
969 4059 1174 4114 aestatis
1193 4081 1320 4114 corr.
1349 4061 1491 4114 solis.

909 4135 934 4236 ἒ
969 4131 1175 4257 Ἑστία
1195 4151 1324 4185 corr.
1355 4131 1519 4203 frigus
1539 4139 1857 4191 autumnale.

909 4277 934 4310 ⁴
967 4276 1110 4329 iussu
1139 4291 1264 4326 corr.
1295 4271 1526 4330 decreto.
