3459 5375
887 573 1012 636 234
1625 571 1955 634 mcHERI
2002 573 2160 638 ΗΒ.
2204 573 2314 636 lv.

887 745 922 775 ,ι
970 707 1154 779 sium
1189 707 1542 810 episcopis
1562 759 1581 798 ,
1651 721 1733 778 ut
1783 705 2029 797 fertur,
2084 720 2337 778 contra
2370 703 2574 778 illum
2600 705 3020 806 disputatur.

888 855 924 891 κ
967 823 1508 895 Calumniantur
1560 823 1755 894 enim
1798 837 2049 894 contra
2082 821 2272 919 leges
2324 822 2600 894 divinas
2652 825 3026 922 scriptum,

891 969 929 1008 «
966 940 1260 1031 lectum,
1292 940 1773 1012 reconditum.
1811 939 2019 1011 Unde
2066 952 2162 1029 et,
2194 939 2254 1010 si
2298 939 2558 1038 placet,
2584 940 2734 1036 jam
2763 941 3032 1012 avobis

887 1087 924 1125 «
965 1055 1453 1128 discutiendus
1487 1057 1561 1127 in
1589 1056 1914 1129 medium
1940 1055 2365 1155 proferatur.
2396 1085 2432 1125 υ
2463 1058 2775 1130 Sinodus
2804 1057 3023 1131 dixit:

891 1201 928 1240 α
973 1171 1400 1245 Proferatur.
1438 1201 1474 1238 »

1312 1385 1430 1440 LX.
1449 1415 1522 1428 -
1541 1387 1747 1441 Textus
1770 1387 1931 1441 libelli
1952 1385 1985 1421 '⁵
2013 1385 2276 1441 fidelitatis
2298 1387 2330 1422 ²*
2367 1388 2601 1441 Amulfi.

971 1551 1295 1626 Prolatus
1322 1566 1428 1624 est
1454 1552 1693 1649 itaque
1719 1551 1907 1624 hanc
1936 1566 2167 1624 textus
2192 1553 2452 1625 seriem
2475 1549 2787 1624 habens:
2824 1580 2861 1620 «
2884 1555 3033 1650 Ego

881 1703 918 1740 «
961 1669 1294 1744 Arnulfus
1321 1726 1340 1762 ‚
1383 1671 1604 1768 gratia
1637 1672 1773 1742 Dei
1812 1670 2287 1769 praeveniente
2307 1725 2326 1762 ‚
2372 1673 2758 1742 Remorum
2803 1669 3031 1742 archi-

881 1819 918 1860 «
963 1790 1339 1887 episcopus
1363 1843 1382 1878 ,
1423 1789 1770 1888 promitto
1828 1787 2111 1886 regibus
2146 1793 2587 1861 Francorum
2630 1787 2918 1884 Hugoni
2962 1802 3036 1859 et

883 1939 918 1976 «
962 1907 1304 1979 Rotberto
1347 1930 1465 1978 me
1519 1905 1743 1978 fidem
1782 1906 2235 2004 purissimam
2274 1921 2721 1978 servaturum
2737 1957 2756 1996 ,
2800 1905 3031 1976 consi·

885 2053 920 2092 «
965 2023 1141 2094 lium
1183 2037 1258 2094 et
1290 2021 1632 2094 auxilium
1668 2023 1768 2094 eis
1802 2021 2197 2096 secundum
2232 2047 2479 2095 meum
2516 2022 2695 2094 scire
2728 2037 2800 2093 et
2826 2045 3034 2119 posse

885 2169 918 2208 κ
963 2139 1040 2210 in
1075 2138 1412 2211 omnibus
1444 2139 1749 2236 negotiis
1803 2138 2302 2238 praebiturum,
2344 2139 2649 2210 inimicis
2692 2139 2711 2176 ⁴
2782 2162 3033 2209 eorum

884 2285 921 2324 κ
967 2282 1100 2329 nec
1124 2255 1432 2330 concilio
1461 2281 1594 2329 nec
1619 2257 1881 2328 auxilio
1901 2257 1994 2329 ad
2018 2280 2271 2329 eorum
2292 2255 2784 2330 infidelitatem
2806 2257 3032 2327 scien·

884 2404 920 2442 «
963 2387 1072 2446 ter
1107 2373 1544 2471 adjuturum.
1604 2378 1769 2446 Haec
1818 2374 1891 2446 in
1939 2389 2329 2474 conspectu
2366 2375 2621 2446 divinae
2658 2373 3032 2470 majestatis

884 2519 920 2558 α
961 2504 1033 2564 et
1085 2489 1464 2562 beatorum
1511 2491 1891 2589 spirituum
1937 2505 2010 2563 et
2057 2493 2273 2564 totius
2327 2490 2652 2564 aecclesiae
2709 2491 3033 2564 assistens

885 2639 920 2678 «
961 2608 1304 2709 promitto
1325 2663 1344 2699 ,
1385 2633 1520 2709 pro
1554 2608 1742 2682 bene
1779 2609 2072 2682 servatis
2120 2608 2391 2684 laturus
2438 2608 2727 2711 praemia
2762 2625 3034 2682 aeternae

885 2756 920 2793 «
965 2724 1461 2818 beatitudiniS‚
1503 2727 1561 2797 si
1613 2750 1787 2798 vero
1807 2780 1826 2817 ,
1867 2726 2069 2824 quod
2104 2725 2278 2799 nolo
2337 2741 2409 2798 et
2450 2725 2652 2823 quod
2687 2724 2903 2816 absit,
2944 2724 3033 2797 ab

885 2872 920 2911 «
963 2842 1074 2914 his
1113 2843 1519 2934 deviavero,
1563 2845 1798 2915 omnis
1830 2842 2240 2917 benedictio
2280 2868 2441 2915 mea
2478 2857 2936 2915 convertatur
2960 2844 3031 2919 in

885 2992 920 3029 α
965 2958 1574 3051 maledictionem,
1611 2976 1683 3033 et
1715 2960 1893 3034 fiant
1922 2960 2074 3033 dies
2110 2962 2251 3033 mei
2288 2960 2525 3059 pauci,
2560 2975 2632 3033 et
2664 2959 3031 3059 episcopa·

889 3106 925 3144 «
968 3092 1124 3149 tum
1152 3102 1396 3149 meum
1431 3077 1730 3176 accipiat
1764 3076 1963 3169 alter,
2015 3077 2355 3150 recedant
2393 3101 2437 3148 a
2463 3101 2579 3149 me
2614 3077 2826 3147 amici
2864 3078 3026 3167 mei,

885 3224 923 3265 κ
965 3195 1252 3292 sintque
1307 3210 1658 3294 perpetuo
1730 3194 2027 3269 inimici.
2100 3195 2281 3266 Huic
2330 3218 2463 3291 ego
2512 3191 2941 3291 cirographo
2992 3218 3031 3264 a

885 3341 923 3380 «
967 3335 1084 3385 me
1125 3311 1320 3397 edito
1339 3365 1361 3403 ‚
1415 3313 1492 3384 in
1539 3312 2027 3385 testimonium
2081 3309 2602 3384 benedictionis
2644 3308 2758 3382 vel
2818 3308 3028 3383 male-

887 3458 924 3495 «
966 3426 1297 3501 dictionis
1354 3454 1530 3501 meae
1550 3484 1569 3520 ‚
1623 3428 1995 3502 subscribo
2010 3484 2031 3521 ‚
2074 3428 2462 3526 fratresque
2504 3442 2577 3499 et
2612 3426 2797 3499 filios
2834 3450 3027 3499 meos

887 3574 924 3613 «
965 3559 1048 3617 ut
1101 3544 1548 3620 subscribant
1595 3571 1799 3645 rogo.
1860 3550 2011 3644 Ego
2074 3545 2404 3619 Arnulfus
2461 3544 3025 3644 archiepiscopus

887 3691 924 3728 «
969 3661 1375 3762 subscripsi.
1419 3694 1454 3729 n

963 3904 994 3935 ¹¹*
1031 3902 1118 3954 elli
1143 3901 1250 3955 fide
1273 3903 1482 3955 abscisa.

959 3985 977 4023 θ
1009 3988 1082 4035 ita
1109 3984 1288 4037 code-z.
