3459 5375
922 534 1046 594 206
1635 523 1966 590 lucussm
2009 527 2161 590 ΠΒ.
2208 521 2321 588 lv.

812 699 839 710 -
925 660 1400 735 exulaverant.
1459 661 1634 731 Rem
1691 659 2105 732 familiarem
2157 673 2235 729 ut
2282 671 2447 730 ante
2506 657 2895 757 disponunt
2912 713 2933 750 ,
2979 663 3053 733 in

923 777 1123 850 nullo
1191 775 1594 848 dubitantes
1612 828 1631 863 ‚
1698 790 1772 847 et
1833 799 2083 873 pacem
2132 773 2605 874 postmodum
2666 792 3049 875 sperantes.

924 893 1208 966 Clerum
1254 915 1470 992 quem
1511 893 1839 965 amiserat
1874 893 2112 966 revisit
2128 947 2147 983 ,
2195 894 2403 991 eique
2442 895 2896 991 compatitur,
2932 893 3057 968 be-

926 1010 1386 1084 nivolentiam
1421 1008 1727 1109 spondet
1748 1063 1766 1100 ,
1807 1023 1888 1080 ut
1928 1034 1973 1082 a
2012 1033 2085 1080 se
2131 1033 2281 1080 non
2329 1005 2659 1080 deficiant
2704 1007 3052 1081 hortatur.

927 1139 1312 1234 Postquam
1339 1134 1504 1213 satis
1531 1131 1868 1230 colloquii
1898 1157 2063 1204 cum
2098 1133 2241 1204 suis
2267 1130 2541 1222 habuit,
2572 1115 2664 1204 de
2692 1134 3061 1228 securitate

927 1249 1096 1324 fidei
1117 1265 1188 1323 et
1217 1247 1435 1341 urbis,
1463 1272 1504 1322 a
1529 1248 1793 1321 Karolo
1814 1251 2256 1321 convenitur.
2286 1250 2427 1338 Qui
2450 1249 2550 1320 sic
2578 1273 2781 1321 orsus
2804 1250 3053 1348 coepit:

931 1397 968 1435 «
1011 1369 1370 1464 Quoniam
1429 1366 1773 1438 Divinitas
1832 1367 1906 1437 in
1964 1363 2301 1438 omnibus
2357 1366 2786 1457 misericorS‚
2850 1367 3063 1438 etiam

933 1512 984 1554 «·
1012 1484 1188 1556 dum
1218 1485 1452 1584 punit,
1484 1481 2032 1556 misericorditer
2074 1496 2437 1580 operatur,
2462 1482 2656 1578 justo
2700 1482 2849 1578 ejus
2867 1482 3061 1579 judi-

932 1630 968 1669 «
1011 1601 1112 1672 tio
1127 1625 1242 1673 me
1267 1614 1339 1672 et
1365 1597 1720 1696 abjectum
1748 1613 1823 1670 et
1845 1614 2214 1696 receptum
2240 1623 2622 1696 cognosco.
2662 1598 2828 1693 Ejus
2851 1600 3066 1696 aequi-

933 1747 969 1785 «
1011 1731 1154 1790 tate
1184 1715 1320 1788 hac
1347 1714 1523 1788 urbe
1559 1740 1676 1787 me
1705 1729 2080 1813 exceptum
2106 1715 2434 1805 arbitror,
2459 1715 2609 1810 ejus
2634 1711 3062 1810 benignitate

933 1863 968 1903 α
1013 1833 1213 1932 quod
1247 1847 1567 1932 superest
1595 1833 1987 1932 praestolor.
2030 1837 2270 1932 Ipsum
2310 1833 2523 1904 etiam
2542 1885 2562 1923 ,
2598 1819 2732 1904 ⁸vos
2768 1846 2841 1904 et
2880 1831 3064 1904 hanc

935 1980 971 2020 α
1012 1950 1267 2023 urbem
1300 1951 1476 2022 mihi
1523 1948 1915 2022 reddidisse
1963 1951 2244 2048 opinor.
2306 1953 2362 2020 Α
2424 1952 2573 2020 Deo
2624 1949 2861 2046 itaque
2908 1948 3065 2022 red·

935 2097 972 2136 «
1011 2067 1249 2140 ditum
1297 2067 1474 2138 mihi
1514 2066 1807 2164 adjungi
1844 2091 2107 2164 quaero.
2166 2065 2441 2138 Adsunt
2476 2080 2723 2138 sancta
2740 2119 2759 2156 ,
2820 2090 3067 2165 superq

935 2213 973 2254 «
1015 2185 1261 2283 ponite
1330 2183 1691 2256 dexteram
1704 2237 1725 2274 ,
1801 2181 2022 2255 fidem
2076 2198 2325 2254 contra
2376 2205 2628 2255 omnes
2690 2182 3058 2282 spondete.

936 2329 976 2368 κ
1016 2299 1355 2397 Exceptio
1391 2297 1585 2369 nulla
1621 2299 1777 2389 erit,
1796 2299 1877 2388 'si
1907 2297 2119 2369 vultis
2162 2297 2339 2369 mihi
2365 2322 2607 2370 comes
2644 2296 2822 2369 fieri.
2864 2325 2899 2364 n
2947 2296 3066 2369 Ille

931 2415 1040 2486 sui
1101 2414 1250 2491 voti
1313 2413 1560 2486 avidus
1585 2468 1604 2505 ,
1653 2413 1993 2512 quicquid
2048 2415 2399 2512 expetitur
2460 2414 2787 2513 spondet.
2847 2418 3069 2514 Super

931 2546 1174 2604 sancta
1229 2530 1548 2604 dextram
1604 2530 1920 2603 extendit
1942 2585 1963 2622 ,
2014 2556 2164 2603 non
2223 2533 2489 2604 veritus
2538 2531 2777 2627 jurare
2838 2530 3066 2628 quod-

932 2665 1239 2744 cumque
1277 2647 1724 2747 propositum
1768 2647 1922 2719 fixit.
1988 2646 2195 2719 Unde
2249 2662 2321 2719 et
2374 2649 2647 2720 cunctis
2686 2645 3015 2720 credulus
3044 2702 3061 2737 ‚

932 2762 1110 2835 nulli
1148 2772 1512 2863 suspectus
1547 2764 1698 2835 fuit.
1729 2768 1811 2835 ln
1852 2762 2051 2836 nullo
2077 2766 2365 2861 negotio
2402 2788 2445 2835 a
2466 2786 2755 2863 quoque
2778 2766 3059 2836 vitatur.

932 2884 1040 2951 De
1073 2872 1249 2952 urbe
1286 2880 1670 2952 munienda
1686 2935 1704 2971 ,
1749 2882 1897 2979 ipse
1940 2878 2175 2980 querit
2206 2896 2280 2953 et
2318 2880 2681 2954 deliberat.
2728 2881 3067 2953 Omnium

932 3022 1221 3069 causam
1251 2998 1663 3070 sciscitatur.
1703 3000 1839 3070 Pro
1853 2998 2191 3071 omnibus
2217 2996 2592 3071 consultat.
2612 3002 2848 3087 Quare
2872 2999 3069 3095 igno-

933 3129 1047 3201 tus
1074 3130 1370 3187 cunctos
1396 3114 1625 3187 latuit.

1229 3330 1234 3335 .
1255 3284 1481 3343 XLVII.
1503 3318 1579 3332 —
1601 3291 2013 3364 comprehensio
2034 3292 2069 3328 ἢ
2094 3292 2281 3347 Karoli
2301 3291 2371 3346 ab
2393 3290 2746 3345 Adalberone.

1030 3426 1304 3495 Interea
1331 3448 1496 3496 cum
1525 3424 1767 3497 Karoli
1793 3452 2229 3525 suorumque
2255 3426 2577 3500 habitum
2604 3428 2888 3526 penitus
2922 3451 3071 3524 per-

930 3538 1249 3630 vidisset,
1281 3564 1431 3613 sese
1462 3543 1676 3614 etiam
1713 3543 1892 3615 nulli
1929 3568 2079 3616 esse
2120 3558 2522 3642 suspectum
2536 3598 2557 3633 ,
2594 3543 2802 3615 dolos
2835 3542 3069 3615 multi-

933 3655 1180 3728 fariam
1237 3657 1719 3756 praetendebat
1736 3712 1755 3747 ,
1816 3674 1897 3731 ut
1948 3674 2020 3733 et
2066 3658 2320 3731 urbem
2386 3657 2516 3731 sibi
2578 3659 2907 3731 redderet
2930 3714 2951 3748 ‚
3005 3675 3073 3731 et

935 3771 1276 3842 Karolum
1308 3772 1454 3871 regi
1491 3788 1781 3871 captum
1814 3774 2145 3847 traderet.
2176 3774 2417 3847 Karoli
2450 3776 2687 3872 itaque
2715 3774 3073 3873 colloquio

934 3888 1157 3958 utitur
1210 3892 1460 3987 saepius
1479 3945 1498 3981 ,
1561 3890 2115 3964 benivolentiam
2184 3892 2453 3990 profert
2518 3891 2847 3990 amplius.
2912 3892 3073 3963 Sese

934 4028 1224 4100 quoque
1278 4005 1337 4075 si
1392 4021 1717 4102 oporteat
1786 3996 2245 4079 sacramentis
2299 4008 2521 4105 magis
2586 4004 3072 4103 stringendum

935 4119 1179 4210 offert3
1213 4135 1408 4192 tanta
1432 4122 1702 4194 cautela
1740 4120 2132 4196 calliditatis
2168 4149 2359 4214 usus,
2388 4139 2468 4196 ut
2501 4124 2796 4195 omnino
2828 4122 3072 4194 dolum

1005 4295 1030 4327 ⁴
1061 4296 1246 4351 hensio
1281 4297 1537 4351 abscisum.
