3459 5375
823 560 906 619 60
1541 554 1873 616 RICHERI
1917 554 2067 615 ΠΒ.
2115 552 2235 613 ῙῙῙ.

887 743 1039 798 L111.
1065 773 1137 785 —
1160 744 1289 799 Alia
1315 744 1346 779 Ἰ
1385 761 1546 816 sperae
1571 741 1885 813 compositio
1911 742 1945 777 ἣ
1982 741 2141 813 signis
2165 740 2541 813 cognoscendis
2562 740 2597 777 θ
2631 739 2825 795 idonea
2850 743 2903 795 ἢ.

923 886 1112 961 Fecit
1145 901 1398 986 praeter
1433 888 1585 960 haec
1619 911 1901 986 speram
1944 887 2241 959 alteram
2284 886 2727 978 circularem,
2776 888 2960 958 intra

825 1030 1045 1104 quam
1083 1004 1385 1078 circulos
1419 1006 1712 1105 quidem
1741 1029 1889 1075 non
1918 1004 2315 1093 collocavit,
2348 1002 2473 1075 sed
2500 1002 2808 1101 desuper
2830 1002 2963 1075 fer-

827 1124 963 1195 reis
1020 1136 1233 1220 atque
1291 1124 1486 1195 aereis
1548 1122 1683 1194 filis
1735 1124 2101 1219 signorum
2163 1118 2422 1215 figuras
2479 1118 2953 1218 complicavit.

829 1241 1133 1337 Axisque
1168 1239 1331 1311 loco
1347 1294 1366 1331 ,
1413 1237 1720 1311 fistulam
1762 1238 2031 1333 trajecit
2050 1291 2069 1328 ,
2126 1261 2255 1335 per
2293 1260 2512 1334 quam
2553 1236 2763 1335 polus
2818 1261 2960 1309 coe·

827 1355 1017 1428 lestis
1079 1371 1446 1430 notaretur
1472 1410 1491 1447 ,
1577 1368 1660 1426 ut
1743 1379 1831 1426 eo
1899 1367 2273 1452 perspecto
2301 1407 2320 1444 ,
2399 1351 2730 1425 machina
2778 1353 2962 1425 coelo

828 1485 1210 1570 aptaretur.
1243 1472 1450 1545 Unde
1472 1486 1543 1544 et
1572 1454 1991 1560 factumest,
2023 1485 2103 1541 ut
2134 1469 2575 1566 singulorum
2602 1458 2964 1567 signorum

827 1586 1072 1677 stellae,
1120 1586 1411 1685 singulis
1443 1587 1657 1681 hujus
1701 1610 1923 1684 sperae
1957 1586 2171 1682 signis
2212 1584 2733 1657 clauderentur.
2784 1585 2965 1659 Illud

825 1726 1115 1799 quoque
1149 1702 1225 1773 in
1263 1702 1398 1775 hac
1429 1702 1754 1774 divinum
1785 1702 1917 1774 fuit
1933 1756 1954 1794 ,
1996 1702 2195 1800 quod
2247 1727 2416 1774 cum
2454 1702 2706 1800 aliquis
2743 1718 2967 1775 artem

827 1820 1215 1915 ignoraret,
1284 1821 1344 1891 si
1390 1845 1618 1893 unum
1664 1820 1734 1892 ei
1789 1820 2071 1917 signum
2127 1818 2697 1891 demonstratum
2745 1819 2961 1909 foret,

827 1932 1096 2033 absque
1122 1937 1456 2034 magistro
1504 1950 1741 2009 cetera
1771 1962 1902 2037 per
1936 1962 2219 2035 speram
2260 1950 2742 2033 cognosceret.
2792 1936 2969 2011 Inde
3081 1960 3084 1962 ·

828 2051 1042 2123 etiam
1068 2077 1236 2124 suos
1261 2052 1640 2126 liberaliter
1680 2054 2029 2127 instruxit.
2082 2058 2306 2151 Atque
2345 2053 2497 2125 haec
2551 2068 2842 2125 actenus
2878 2052 2969 2126 de

826 2170 1282 2241 astronomia.

1425 2295 1570 2347 LIV.
1595 2322 1670 2336 —-
1691 2294 1967 2349 Confectio
1988 2294 2055 2331 θ’*
2084 2295 2234 2348 abaci
2254 2294 2340 2347 ³¹³⁴.
2390 2360 2399 2377 .

930 2438 1011 2505 ln
1035 2436 1422 2531 geometria
1445 2436 1618 2507 vero
1645 2437 1661 2472 ⁴
1711 2460 1862 2507 non
1898 2437 2137 2507 minor
2162 2438 2237 2507 in
2265 2434 2599 2509 docendo
2620 2432 2825 2505 labor
2858 2457 2971 2505 ex·

831 2576 1095 2648 pensus
1123 2567 1250 2623 est.
1285 2552 1502 2648 Cujus
1531 2552 2078 2645 introductioni,
2122 2539 2423 2625 abacum
2440 2608 2459 2643 ,
2506 2552 2581 2623 id
2622 2566 2729 2624 est
2768 2550 2971 2622 tabu-

830 2668 975 2739 lam
1002 2667 1564 2742 dimensionibus
1601 2684 1875 2769 aptam,
1909 2697 2128 2770 opere
2164 2670 2448 2743 scutarii
2474 2668 2723 2742 effecit.
2754 2668 2970 2765 Cujus

830 2783 1289 2883 longitudini,
1331 2787 1407 2859 in
1435 2803 1707 2888 septem
1729 2799 1814 2861 'et
1845 2790 2093 2886 viginti
2116 2786 2434 2887 partibus
2461 2785 2800 2878 diductae,
2842 2810 2972 2856 no-

830 2927 997 2974 vem
1033 2928 1334 2976 numero
1360 2920 1567 2977 notas
1593 2930 1887 2978 omnem
1922 2930 2301 2977 numerum
2335 2901 2805 3001 significantes
2840 2901 2975 2973 dis-

830 3020 1092 3116 posuit.
1133 3019 1240 3091 Ad
1275 3046 1580 3118 quarum
1614 3024 1828 3094 etiam
1852 3021 2410 3110 similitudinem,
2442 3018 2635 3090 mille
2670 3044 2972 3091 corneos

832 3130 1062 3206 effecit
1098 3152 1513 3229 caractereS,
1558 3139 1681 3234 qui
1707 3163 1837 3236 per
1875 3153 2147 3237 septem
2184 3152 2255 3210 et
2291 3137 2536 3234 viginti
2574 3135 2772 3208 abaci
2811 3161 2972 3234 par-

831 3265 936 3322 tes
987 3254 1289 3324 mutuati
1303 3307 1321 3344 ,
1378 3252 1721 3351 cujusque
1773 3256 2053 3326 numeri
2106 3251 2767 3352 multiplicationem
2825 3253 2971 3328 sive

832 3368 1255 3441 divisionem
1323 3369 1810 3469 designareut3
1888 3384 2087 3442 tanto
2148 3368 2581 3466 compendio
2634 3391 2969 3439 numero-

833 3509 996 3556 rum
1040 3486 1566 3558 multitudinem
1614 3486 2010 3559 dividentes
2071 3485 2184 3558 vel
2244 3484 2789 3583 multiplicantes
2808 3538 2829 3577 ,
2891 3496 2970 3555 ut

832 3627 978 3700 prae
1021 3604 1240 3676 nimia
1287 3604 1793 3676 numerositate
1840 3605 2078 3703 potius
2134 3601 2425 3700 intelligi
2473 3627 2691 3701 quam
2737 3599 2972 3707 yerbis

833 3717 1147 3790 valerent
1202 3718 1504 3792 c‘stendi.
1565 3724 1895 3809 Quorum
1943 3721 2307 3792 scientiam
2362 3721 2485 3818 qui
2526 3717 2621 3791 ad
2677 3717 2975 3817 plenum

835 3836 1012 3928 scire
1056 3835 1442 3928 desiderat,
1484 3836 1667 3934 legat
1707 3837 1859 3933 ejus
1894 3836 2157 3909 librum
2204 3863 2421 3935 quem
2452 3834 2692 3908 scribit
2737 3834 2829 3912 ad
2880 3839 2962 3908 C.

906 4053 938 4090 ¹*
975 4053 1111 4119 Alia,
1146 4071 1304 4124 comp
1318 4093 1334 4118 ,
1367 4070 1502 4123 cogn
1521 4091 1538 4119 ‚
1575 4052 1666 4106 ido
1697 4054 1906 4106 abscisa.

903 4139 967 4174 *ἵ*
996 4138 1184 4204 Conse,
1215 4139 1266 4190 ci
1295 4137 1502 4190 abscisa.

909 4229 926 4260 ¹
959 4246 1086 4283 vero
1108 4228 1196 4281 cui
1217 4228 1352 4281 nihil
1377 4239 1498 4281 ante
1525 4226 1708 4282 Gallio
1738 4229 1991 4300 scriptum
2024 4227 2307 4293 habebant,
2344 4239 2571 4298 quantus
2594 4228 2745 4281 labor
2774 4243 2971 4298 expen-

836 4339 924 4376 sus
945 4321 1011 4374 sit
1024 4360 1041 4387 ,
1075 4337 1246 4374 sermo
1277 4319 1449 4391 impar
1477 4317 1650 4373 dicere
1683 4337 1793 4372 non
1826 4318 2019 4372 sufficit
2050 4317 2229 4370 deleta.
