3459 5375
908 499 1024 563 1¹76
1622 497 1957 559 RICHERI
1999 497 2150 558 LlB.
2196 497 2305 560 lv.

904 648 978 704 et
1002 631 1180 703 urbe
1217 629 1482 704 tuenda
1515 633 1926 730 interrogati
1942 686 1961 723 ,
2004 631 2225 704 fidem
2258 631 2498 726 jurant
2514 681 2536 721 ,
2582 627 2778 699 urbis
2811 629 3051 700 tuitio·

905 775 1074 822 nem
1115 749 1567 849 pollicentur.
1600 749 1877 838 Quibus
1928 762 2371 822 sacramento
2419 747 2749 838 astrictiS‚
2808 747 3053 844 eisque

903 866 1227 940 libertate
1282 867 1586 964 eligendi
1636 867 1913 940 domini
1958 892 2176 966 quem
2222 865 2488 938 vellent
2532 864 2625 937 ab
2670 890 2837 962 rege
2872 889 3053 936 con-—

903 1009 1101 1056 cessa
1119 1039 1138 1074 ,
1169 1009 1294 1056 rex
1319 983 1410 1055 ab
1435 984 1537 1056 eis
1561 984 1875 1056 dimotus
1911 985 2251 1056 Parisium
2278 982 2587 1055 devenit.

1135 1269 1315 1323 XXV.
1347 1299 1420 1312 —
1441 1269 1730 1336 Quomodo
1754 1271 2004 1324 Amulfus
2018 1270 2051 1304 ³¹*
2072 1270 2579 1342 archiepiscopatum
2592 1267 2626 1304 ¹¹
2652 1269 2820 1340 petiit.

1009 1413 1148 1484 Ubi
1185 1438 1354 1485 cum
1391 1414 1484 1487 de
1536 1414 1948 1487 liberalitate
1988 1429 2060 1486 et
2094 1413 2237 1486 fide
2286 1415 2549 1486 civium
2601 1414 3059 1485 Remensium

907 1529 1105 1602 iaetus
1129 1547 1554 1623 moraretur,
1588 1533 1918 1604 Arnulfus
1945 1531 2257 1603 Lotharii
2278 1531 2462 1602 filius
2486 1555 2617 1630 per
2642 1529 2998 1627 quosdam
3026 1529 3045 1566 ⁴

907 1647 1092 1743 regis
1116 1647 1490 1746 stipatores
1528 1648 1619 1720 ab
1654 1673 1818 1746 rege
1857 1649 2348 1748 episcopatum
2381 1645 2753 1745 expetebat
2770 1699 2790 1736 ‚
2822 1649 3059 1717 Karo-

908 1763 1062 1834 lum
1086 1789 1377 1862 quoque
1415 1781 1753 1864 patruum
1788 1790 1941 1837 sese
1978 1766 2425 1838 deserturum
2460 1763 2792 1855 mandat,
2836 1763 3058 1834 fidem

905 1879 1258 1976 spondet;
1324 1881 1651 1979 regisque
1703 1880 2037 1976 injuriam
2089 1880 2447 1970 ulturum3
2510 1894 2763 1951 contra
2813 1878 3060 1950 hostes
3177 1949 3181 1952 ,

903 1995 1123 2066 etiam
1161 1996 1344 2093 regis
1387 1996 1695 2096 plurima
1741 1993 2066 2069 nisurum¹
2098 2025 2114 2067 :
2159 1995 2414 2068 urbem
2458 1995 2884 2067 Laudunum
2901 2048 2921 2085 ‚
2963 1993 3059 2067 ab

907 2111 1232 2185 hostibus
1270 2097 1642 2212 pervasam
1655 2169 1674 2206 ,
1716 2116 1791 2188 in
1832 2115 2033 2187 brevi
2078 2114 2548 2187 redditurum.
2608 2113 2805 2210 Regii
2848 2114 3063 2212 stipa-

908 2244 1100 2302 tores
1142 2229 1354 2303 laetati
1367 2286 1387 2323 ‚
1439 2233 1928 2332 episcopatum
1966 2233 2234 2333 petenti
2268 2257 2487 2330 quam
2515 2232 2657 2304 cito
2708 2231 2863 2303 dari
2901 2256 3063 2302 sua-

910 2345 1084 2418 dent
1102 2402 1121 2439 ,
1155 2349 1308 2454 regi
1339 2348 1441 2419 nil
1473 2349 1921 2448 perditurum
1960 2367 2380 2440 asserenteS,
2422 2351 2482 2422 si
2516 2350 2649 2421 sibi
2674 2349 3059 2422 militaturo

911 2476 984 2534 et
1021 2462 1240 2536 fidem
1279 2481 1652 2537 servaturo
1698 2465 1899 2564 quod
1936 2467 2114 2564 petit
2162 2466 2515 2564 largiatur.
2572 2465 2795 2536 Multo
2847 2466 3061 2536 etiam

910 2577 1046 2649 sibi
1096 2579 1549 2678 profuturum
1565 2635 1587 2669 ,
1631 2582 1690 2654 si
1730 2581 1807 2654 id
1855 2581 2061 2655 faciat
2078 2638 2102 2670 ,
2144 2582 2345 2680 quod
2394 2607 2561 2654 cum
2607 2581 2876 2654 factum
2926 2582 3053 2671 sit,

909 2697 1240 2769 omnium
1279 2698 1579 2771 salutem
1627 2699 1927 2772 affectet.
1978 2704 2123 2773 Rex
2158 2726 2410 2775 eorum
2456 2700 2905 2773 suasionibus
2938 2699 3064 2772 ad-

912 2816 1286 2911 quiescens
1309 2872 1329 2907 ,
1393 2821 1654 2889 Remos
1701 2818 1989 2892 devenit
2006 2874 2026 2911 ‚
2082 2820 2355 2893 civibus
2401 2819 2592 2905 hanc
2640 2820 3062 2918 petitionem

911 2946 1332 3018 ostensurus
1353 2989 1373 3026 ,
1445 2959 1539 3005 ne
1605 2934 1953 3009 malefidae
2028 2937 2429 3036 sponsionis
2503 2952 2864 3009 teneretur
2935 2935 3061 3007 ob-

915 3072 1191 3120 noxius.

1326 3190 1532 3245 XXVI.
1556 3223 1629 3236 —
1649 3195 1835 3248 Oratio
1857 3195 2071 3267 regin*
2092 3195 2163 3251 ad
2188 3196 2327 3250 cives
2348 3196 2645 3249 Remenses.

1013 3339 1104 3407 Et
1154 3338 1490 3410 omnibus
1541 3342 1893 3413 accersitis
1911 3396 1931 3433 ‚
1980 3343 2081 3414 sic
2126 3342 2409 3415 locutus
2448 3344 2545 3415 ait
2577 3373 2592 3413 :
2632 3372 2669 3411 t(
2702 3342 3059 3430 Quoniam

919 3479 957 3517 t<
1000 3449 1168 3522 fidei
1196 3470 1646 3529 exsecutores
1672 3481 1805 3529 vos
1826 3458 2164 3557 probavi,
2204 3484 2339 3531 nec
2363 3484 2481 3531 me
2506 3484 2548 3530 a
2575 3456 2719 3529 fide
2752 3456 3061 3529 alienum

919 3596 960 3635 «
1002 3571 1484 3668 experiemini.
1518 3578 1700 3646 Cum
1742 3578 1935 3648 enim
1975 3579 2065 3649 sit
2103 3577 2316 3671 fides,
2360 3602 2525 3650 cum
2564 3576 2765 3675 quod
2807 3575 3063 3648 dicitur

921 3714 958 3753 κ
1002 3685 1084 3757 fit
1097 3740 1117 3777 ‚
1148 3689 1316 3785 quia
1340 3715 1469 3765 vos
1495 3690 1572 3762 id
1599 3693 1842 3765 fecisse
1867 3697 2206 3794 perspitio
2225 3750 2244 3787 ,
2278 3711 2349 3767 et
2375 3721 2493 3768 me
2517 3696 2800 3795 penitus
2826 3693 3063 3766 obser-

921 3829 960 3868 «
1000 3825 1199 3873 vasse
1227 3803 1420 3875 idem
1443 3805 1690 3879 fateor.
1740 3810 2066 3883 Arnulfiis
2106 3812 2285 3884 divae
2310 3811 2671 3884 memoriae
2693 3812 2719 3848 ²
2752 3808 3063 3882 Lotharii

988 3999 1022 4033 ¹⁸
1053 4000 1334 4067 Amulfus,
1363 4002 1508 4055 archi
1521 4043 1540 4069 ,
1567 4023 1622 4057 ιιι
1649 4006 1858 4060 abscisa.

989 4082 1052 4117 *¹¹
1081 4084 1216 4153 regis
1241 4083 1496 4148 qbscisum.

990 4167 1007 4198 ¹
1047 4186 1142 4238 per
1170 4169 1338 4222 burch
1369 4170 1598 4223 deletum.

984 4253 1012 4283 ¹
1043 4254 1108 4305 D.
1140 4254 1217 4307 M.
