3459 5375
888 507 1007 567 136
1600 506 1932 567 thHEm
1979 503 2130 565 Llss.
2182 504 2298 563 111.

1571 714 1825 765 01x.-
1855 714 2043 766 obitus
2079 686 2338 766 Ismarii.

980 886 1159 953 Nam
1216 906 1383 955 cum
1449 883 1754 962 vernalis
1807 882 2180 954 clementia
2249 881 2510 954 eodem
2563 907 2758 955 anno
2811 882 3024 955 rebus

881 996 1142 1069 bruma
1189 998 1462 1071 afflictis
1520 999 1818 1089 rediret,
1875 1024 2010 1109 pro
2047 1023 2288 1070 rerum
2339 1012 2592 1070 natura
2641 1000 3020 1103 immutato

882 1140 1079 1207 aere,
1128 1116 1451 1189 Lauduni
1499 1131 1822 1215 egrotare
1875 1118 2113 1214 coepit.
2161 1114 2368 1186 Unde
2406 1129 2698 1187 vexatus
2743 1140 2828 1187 ea
2860 1140 3022 1213 pas-

880 1234 1081 1306 sione
1116 1260 1274 1332 quae
1308 1234 1532 1306 colica
1565 1259 1606 1305 a
1639 1234 1929 1334 phisicis
1972 1232 2323 1321 dicitur,
2306 1240 2380 1301 ιἰι
2420 1229 2684 1303 lectum
2724 1231 3014 1305 decidit.

879 1358 1011 1427 Cui
1056 1355 1265 1427 dolor
1307 1353 1769 1429 intolerabilis
1815 1357 1890 1427 in
1936 1371 2136 1453 parte
2171 1354 2420 1427 dextra
2459 1380 2672 1458 super
2705 1357 3021 1430 verenda

879 1488 1068 1564 erat3
1116 1472 1208 1545 ab
1248 1453 1586 1545 umbilico
1622 1498 1915 1583 quoque
1952 1498 2178 1592 usque
2217 1472 2310 1544 ad
2346 1474 2702 1571 splenem,
2747 1489 2821 1546 et
2851 1475 3021 1548 inde

878 1614 1105 1688 usque
1152 1589 1245 1662 ad
1294 1592 1559 1687 inguen
1606 1592 2001 1681 sinistrum,
2061 1606 2133 1661 et
2179 1591 2280 1661 sic
2320 1588 2413 1662 ad
2451 1614 2709 1692 anum,
2754 1591 3021 1665 infestis

876 1707 1245 1780 doloribus
1272 1706 1708 1807 pulsabatur.
1745 1706 1956 1778 Ilium
1991 1730 2282 1809 quoque
2326 1730 2409 1778 ac
2448 1707 2732 1782 renium
2765 1707 3020 1804 injuria

876 1826 1226 1917 nonnulla
1250 1842 1433 1917 erat3
1469 1823 1886 1898 thenasmus
1911 1824 2266 1896 assiduus·
2249 1878 2269 1915 ‚
2299 1825 2564 1921 egestio
2590 1825 3012 1922 sanguinea·
2991 1880 3013 1915 ‚

872 1968 1015 2014 vox
1074 1942 1445 2040 aliquoties
1498 1941 2127 2037 intercludebatur.
2194 1940 2564 2014 Interdum
2609 1941 2910 2039 frigore
2924 1943 3020 2017 fe-
3131 1960 3135 1963 “

872 2060 1115 2132 brium
1140 2059 1433 2158 rigebat.
1470 2061 1764 2157 Rugitus
1787 2061 2290 2131 intestinorum
2323 2059 2340 2094 '
2359 2098 2378 2128 ·.
2411 2056 2797 2131 Fastidium
2817 2061 3010 2158 juge.

875 2182 1140 2251 Ructus
1184 2179 1599 2250 conationes
1640 2178 1796 2249 sine
1835 2177 2091 2250 effectu
2108 2231 2128 2268 ‚
2176 2177 2442 2248 ventris
2481 2177 2798 2252 extensio
2821 2230 2842 2268 ‚
2881 2192 3018 2250 sto-

872 2295 1110 2369 machi
1148 2295 1367 2367 ardor
1380 2350 1397 2385 ,
1452 2320 1600 2367 non
1636 2294 1956 2367 deerant.
2015 2295 2291 2391 Ingenti
2333 2295 2572 2393 itaque
2617 2294 2814 2367 luctu
2867 2310 3019 2369 tota

870 2427 1211 2509 personat
1241 2412 1267 2449 ²
1300 2412 1583 2484 domus.
1626 2413 1734 2483 Fit
1767 2413 2039 2483 sonitus
2065 2410 2419 2501 diversus,
2449 2412 2724 2484 clamor
2747 2414 3008 2487 varius.
3093 2468 3100 2475 .

872 2529 1153 2600 Nemini
1208 2530 1401 2600 enim
1444 2554 1695 2600 eorum
1734 2530 1857 2626 qui
1901 2528 2234 2620 aderant,
2287 2528 2815 2602 inlacrimabilis
2867 2547 3018 2603 erat

870 2671 957 2720 ea
993 2645 1379 2719 calamitas.
1412 2649 1679 2719 Decem
1717 2646 1934 2744 igitur
1961 2647 2166 2719 annis
2191 2647 2437 2718 Ottoni
2475 2654 2862 2746 superstes,
2893 2649 3014 2720 tri·

870 2765 1135 2836 cesimo
1176 2778 1247 2842 et
1280 2765 1585 2863 septimo
1614 2788 1808 2836 anno
1826 2817 1846 2854 ,
1879 2789 1966 2836 ex
1999 2788 2148 2863 quo
2187 2778 2389 2863 patre
2414 2763 2752 2836 defuncto
2789 2789 3010 2862 regno
3107 2781 3112 2786 ’

866 2881 1136 2981 potitus
1174 2896 1282 2954 est
1304 2937 1323 2972 ,
1366 2880 1910 2979 quadragesimo
1946 2906 2118 2954 vero
2159 2897 2232 2953 et
2269 2897 2528 2954 octavo
2555 2873 2702 2980 quo
2729 2907 2774 2954 a
2810 2897 3012 2981 patre

867 3009 1210 3097 regnante
1254 3023 1599 3096 coronam
1636 3013 1706 3071 et
1751 3012 2109 3097 sceptrum
2143 3013 2564 3096 regnaturus
2599 3001 2874 3098 accepit
2896 3055 2916 3092 ‚
2968 3026 3013 3073 a

864 3131 1039 3188 natu
1075 3131 1315 3188 autem
1356 3115 1793 3212 sexagesimo
1833 3130 2090 3188 octavo
2127 3113 2468 3187 deficiens
2517 3131 2786 3228 naturae
2825 3141 3012 3189 con-

865 3233 1094 3322 cessit.

1881 3449 1997 3502 cx.

958 3603 1237 3692 'Interea
1294 3616 1668 3716 magnifice
1711 3618 1924 3690 funus
1983 3591 2258 3716 regium
2309 3619 2535 3691 multo
2601 3619 3007 3710 divitiarum

862 3738 1215 3835 regalium.
1238 3737 1511 3809 ambitu
1552 3751 1950 3824 accuratur.
1993 3737 2103 3807 Fit
2135 3737 2198 3808 ei
2239 3736 2463 3808 lectus
2501 3731 2854 3834 regalibus
2893 3734 3004 3804 in-

861 3854 1173 3952 signibus
1221 3854 1609 3926 adornatus
1629 3909 1648 3945 ,
1702 3878 1964 3952 corpus
2024 3852 2290 3925 bissina
2322 3852 2347 3890 ⁸
2409 3867 2606 3927 veste
2643 3851 2962 3934 induitur
2975 3903 2996 3940 ‚

933 4103 947 4132 ¹
986 4101 1355 4154 intestinorum
1378 4099 1491 4150 cod.

926 4187 951 4218 ⁸
986 4184 1309 4259 concrepitat
1331 4187 1632 4256 superposito
1661 4197 1904 4254 personat
1937 4183 2049 4250 cod,

928 4269 948 4303 ²
986 4286 1253 4344 purpurea
1278 4287 1405 4320 corr.
1430 4267 1641 4321 bissina.
