3459 5375
887 560 969 631 56
1608 554 1943 618 RICHERI
1986 556 2132 617 LIB.
2178 557 2297 617 111.

890 689 1550 787 comprehensione.
1610 692 1789 760 Nam
1836 704 2159 788 tempore
2203 704 2561 762 nocturno
2618 692 3033 768 ardentibus

891 806 1106 879 stellis
1155 833 1450 906 operam
1500 805 1757 898 dabat3
1799 806 2189 904 agebatque
2232 821 2312 883 ut
2348 831 2465 878 eas
2507 808 2583 879 in
2621 810 2875 882 mundi
2916 836 3033 884 re-

891 924 1222 1021 gionibus
1261 924 1558 998 diversis
1592 923 2015 1021 obliquam,
2066 938 2215 996 tam
2250 924 2324 994 in
2365 939 2529 995 ortu
2555 950 2773 1022 quam
2799 926 2874 998 in
2909 951 3033 1000 oc-

892 1060 1058 1114 casu
1095 1058 1446 1116 notarent.

1203 1612 1295 1662 LI.
1322 1640 1394 1651 --
1420 1610 1804 1662 Intellectilium
1819 1612 1849 1643 ²*
1883 1609 2201 1663 circulorum
2228 1610 2624 1681 comprehensio
2652 1610 2705 1662 ¹¹.

991 1768 1251 1841 Circuli
1320 1792 1608 1867 quoque
1670 1770 1795 1867 qui
1856 1793 1901 1840 a
1961 1771 2218 1841 Graecis
2270 1769 2623 1868 paralleli,
2686 1792 2729 1839 a
2776 1768 3038 1838 Latinis

874 1885 1341 1985 'aequistantes
1366 1884 1727 1976 dicuntur,
1762 1911 1945 1983 quos
1972 1888 2184 1959 etiam
2223 1886 2705 1985 incorporales
2732 1910 2883 1958 esse
2908 1884 3039 1956 du·
3079 1960 3082 1963 ,

893 2002 1098 2074 bium
1133 2025 1282 2072 non
1307 2016 1437 2090 est,
1477 2000 1614 2071 hac
1650 2000 1743 2075 ab
1770 2026 1859 2072 eo
1887 2017 2035 2073 arte
2068 2000 2567 2101 comprehensi
2613 2013 3031 2074 noscuntur.

899 2120 1145 2191 Effecit
1181 2118 1700 2190 semicirculum
1726 2135 1919 2191 recta
1947 2119 2295 2191 diametro
2324 2118 2656 2191 divisum.
2692 2116 2830 2189 Sed
2852 2116 3041 2188 hanc

898 2238 1326 2309 diametrum
1374 2232 1682 2306 fistulam
1725 2235 2089 2306 constituit
2106 2290 2123 2323 ‚
2177 2237 2252 2306 in
2300 2236 2502 2332 cujus
2554 2232 3041 2307 cacuminibus

899 2354 1083 2426 duos
1134 2352 1343 2451 polos
1399 2349 1704 2422 boreum
1766 2366 1837 2422 et
1880 2351 2429 2431 austronothum
2475 2350 2831 2424 notandos
2888 2373 3041 2422 esse

898 2472 1218 2548 instituit.
1253 2468 1790 2541 semicirculum
1823 2494 1995 2541 vero
2037 2494 2081 2547 a
2126 2469 2300 2570 polo
2346 2468 2441 2541 ad
2476 2470 2727 2567 polum
2760 2454 3043 2564 triginta

900 2588 1219 2689 partibus
1244 2585 1502 2657 divisit.
1545 2588 1870 2673 Quarum
1902 2611 2025 2659 sex
2052 2611 2094 2658 a
2120 2586 2292 2685 polo
2332 2586 2702 2678 distinctiS,
2734 2584 3043 2658 fistulam

901 2704 1249 2794 adhibuit,
1294 2727 1424 2801 per
1458 2726 1679 2799 quam
1713 2702 2073 2775 circularis
2110 2704 2299 2777 linea
2334 2705 2577 2776 arctici
2620 2705 3034 2802 signaretur.

902 2827 1074 2894 Post
1098 2845 1274 2919 quas
1296 2822 1509 2892 etiam
1541 2819 1859 2917 quinque
1884 2819 2217 2910 diductis,
2260 2819 2571 2892 fistulam
2601 2845 2892 2918 quoque
2916 2820 3044 2892 ad-

897 2940 1093 3036 jecit,
1148 2961 1306 3036 quae
1348 2937 1724 3009 aestivalem
1766 2937 2299 3010 circulationem
2345 2939 2713 3018 indicaret.
2772 2937 3047 3010 Abinde

903 3078 1195 3152 quoque
1245 3066 1502 3150 quator
1552 3052 1793 3126 divisis
1811 3108 1830 3145 ,
1898 3053 2207 3128 fistulam
2269 3056 2661 3128 identidem
2729 3055 3005 3128 addidit
3021 3108 3040 3145 ‚

904 3169 1099 3242 unde
1145 3169 1652 3267 aequinoctialis
1704 3172 2103 3244 rotunditas
2162 3171 2807 3244 commendaretur.
2866 3171 3047 3244 Reli-

903 3311 1128 3386 quum
1161 3311 1336 3359 vero
1367 3289 1674 3386 spatium
1714 3313 1941 3387 usque
1976 3290 2069 3362 ad
2118 3291 2397 3362 notium
2437 3289 2687 3388 polum
2706 3346 2725 3381 ,
2778 3288 3049 3361 eisdem

906 3403 1467 3504 dimensionibus
1489 3403 1828 3477 distinxit.
1864 3406 2080 3502 Cujus
2103 3407 2552 3478 instrumenti
2588 3408 2767 3479 ratio
2791 3408 2865 3477 in
2902 3422 3052 3479 tan·

905 3535 1061 3592 tum
1097 3519 1343 3612 valuit,
1383 3535 1464 3591 ut
1497 3519 1590 3592 ad
1623 3521 1877 3628 polum
1918 3545 2047 3592 sua
2089 3521 2440 3594 diametro
2481 3522 2773 3613 directa,
2816 3548 2901 3596 ao
2940 3549 3046 3596 se·

776 3637 783 3643 ’
907 3641 1249 3714 micirculi
1281 3640 1755 3740 productione
1789 3644 2113 3742 superius
2151 3669 2354 3717 versa
2368 3699 2387 3736 ,
2438 3643 2741 3716 circulos
2783 3646 3049 3718 visibus

906 3763 1337 3857 inexpertos,
1387 3759 1692 3831 scientiae
1718 3759 1945 3850 daret,
1992 3776 2204 3860 atque
2244 3762 2384 3834 alta
2427 3763 2772 3833 memoria
2798 3787 3049 3838 recon-

909 3877 1111 3948 deret
1135 3877 1153 3912 ⁴
1175 3929 1190 3945 .

977 4114 1010 4148 ⁴*
1050 4114 1146 4178 In,
1180 4112 1250 4177 li,
1287 4128 1502 4181 compre
1533 4111 1743 4164 abscisa.

983 4199 997 4224 ¹
1039 4215 1086 4248 r.
1122 4195 1226 4250 Sed
1257 4195 1362 4248 hoc
1395 4195 1462 4248 ad
1507 4197 1730 4250 circulos
1760 4197 2154 4250 intellectibiles.
2196 4197 2411 4264 Quanto
2452 4194 2607 4250 etiam
2649 4195 2823 4249 studio
2870 4214 3051 4248 erran·

909 4279 1142 4352 tiumque
1175 4277 1404 4332 siderum
1441 4280 1664 4333 circulos
1697 4280 1959 4351 aperuerit
1990 4278 2163 4333 dicere
2194 4299 2303 4334 non
2337 4279 2554 4352 pigebit.
2594 4279 2700 4347 Qui
2728 4282 2837 4348 jam
2866 4277 3048 4330 deleta.
