3459 5375
968 542 1089 603 260
1672 537 2004 599 RICHERI
2053 538 2204 599 LIB.
2255 541 2360 602 lv.

962 684 1271 743 castrum
1316 692 1359 739 a
1398 668 1541 749 suis
1582 691 1792 767 posse
1831 684 2080 742 contra
2129 669 2394 745 hostes'
2425 672 2744 765 defendi,
2813 677 3097 751 insidias

957 788 1347 887 piratarum
1384 783 1890 883 aliquantisper
1931 802 2292 885 suspectas
2328 786 2625 861 habens,
2680 796 2873 864 Dum
2927 816 3095 892 ergo

956 902 1217 973 herens
1251 899 1343 971 de
1373 914 1631 971 eventu
1668 915 1951 971 nutaret
1967 954 1987 990 ‚
2023 900 2286 973 affuere
2323 903 2588 993 nuntii,
2631 906 2754 1003 qui
2789 922 3096 981 castrum

958 1033 1279 1116 captum,
1316 1041 1623 1114 suosque
1648 1016 2209 1113 comprehensos
2231 1034 2303 1090 et
2337 1020 2642 1093 inermes
2675 1022 2896 1094 factos
2923 1049 3098 1098 asse-

954 1148 1215 1204 rerent.
1275 1135 1441 1218 Quo
1486 1130 1731 1203 audito
1753 1184 1773 1222 ‚
1825 1132 2210 1204 exercitum
2253 1158 2402 1206 non
2457 1160 2663 1233 aequo
2715 1138 2958 1210 animo
3004 1142 3096 1212 ad

952 1272 1081 1319 sua
1115 1247 1435 1319 dimovit.
1479 1249 1610 1319 Cui
1655 1271 1822 1318 cum
1863 1270 1906 1319 a
1953 1249 2265 1345 querulis
2309 1250 2738 1347 quibusdam
2775 1254 3096 1327 intende-

948 1378 1168 1454 retur,
1205 1379 1499 1464 propter
1534 1389 1701 1436 eum
1741 1366 1976 1436 virum
2017 1366 2462 1439 consularem
2496 1369 2512 1405 ¹
2564 1370 2950 1469 suspendio
2989 1372 3094 1442 in-

948 1482 1231 1572 terisse,
1280 1480 1446 1553 Odo
1500 1481 1949 1580 respondisse
1995 1481 2252 1575 fertur,
2302 1503 2469 1557 sese·
2511 1486 2812 1586 amplius
2864 1487 3092 1559 lesum

944 1600 1257 1671 suorum'
1276 1598 1920 1698 comprehensione
1940 1654 1960 1690 ‚
2004 1624 2220 1696 quam
2256 1601 2641 1699 proditoris
2675 1603 3084 1702 suspendi0.

1162 1838 1415 1893 LXXIX.
1442 1868 1515 1881 --
1539 1838 1675 1893 Rixa
1697 1838 1729 1875 θ’
1757 1838 1962 1893 Odonis
1991 1852 2044 1894 et
2067 1832 2357 1893 Falconis*
2387 1840 2454 1894 de
2479 1841 2769 1895 Brittannia
2793 1842 2844 1893 θ.

1039 2013 1185 2078 Nec
1210 2006 1440 2077 multo
1484 2019 1649 2104 post
1687 2004 1875 2077 bella
1919 2004 2154 2076 civilia
2201 2018 2528 2103 reparata
2555 2020 2761 2079 sunt.
2805 2009 3084 2079 Etenim

940 2123 1159 2197 Fulco
1193 2122 1319 2221 qui
1356 2146 1605 2218 regum
1636 2120 1956 2220 partibus
1993 2120 2272 2193 favebat
2292 2174 2312 2212 ‚
2355 2123 2742 2193 exercitum
2774 2122 2850 2193 in
2889 2123 3082 2195 Odo-

938 2266 1110 2313 nem
1132 2239 1452 2340 parabat,
1480 2240 1898 2336 quaesiturus
1923 2238 2016 2310 ab
2042 2264 2130 2310 eo
2151 2240 2523 2311 Britanniae
2544 2255 2845 2338 partem,
2871 2266 3085 2337 quam

938 2382 1091 2429 non
1140 2355 1368 2427 multo
1408 2372 1571 2427 ante
1616 2354 1683 2425 ei
1730 2353 2137 2426 abstulerat.
2181 2354 2479 2454 Collegit
2505 2357 2741 2455 itaque
2778 2372 3084 2455 quatuor

940 2472 1133 2544 milia
1152 2526 1171 2563 ,
1203 2472 1330 2568 qui
1355 2495 1503 2542 non
1530 2470 1936 2541 comminus
1960 2472 2427 2568 confligerent
2443 2526 2463 2564 ‚
2491 2498 2580 2545 eo
2607 2473 2807 2571 quod
2833 2499 3081 2545 eorum

939 2592 1123 2661 vires
1157 2586 1431 2659 Odonis
1464 2586 1986 2684 potentiae‘non
2010 2579 2414 2660 sufficerent
2437 2644 2456 2679 ,
2485 2590 2612 2661 sed
2648 2590 2802 2687 ejus
2825 2604 3080 2663 terram

940 2704 1285 2779 incendiis
1320 2719 1393 2776 et
1424 2705 1689 2803 rapinis
1717 2703 2104 2778 afficerent.
2151 2711 2240 2778 Et
2273 2707 2522 2779 tandiu
2562 2708 2638 2778 id
2679 2707 3080 2782 faciendum

940 2822 1432 2912 arbitrabatur,
1467 2822 1699 2894 donec
1737 2822 1901 2894 Odo
1938 2837 2063 2895 aut·
2093 2823 2288 2895 tedio
2313 2825 2542 2897 victus
2569 2824 2934 2918 redderet,
2965 2842 3084 2898 aut

939 2963 1074 3038 pro
1112 2962 1195 3009 ea
1231 2937 1442 3008 aliam
1474 2961 1623 3008 non
1659 2937 1983 3036 inparem
2019 2939 2370 3011 conferret
2399 2939 2426 2976 ²
2442 2995 2457 3010 .
2501 2945 2800 3038 Preceps
2848 2940 3081 3038 itaque

942 3053 1185 3142 fertur,
1258 3038 1662 3148 terramque
1730 3049 2023 3150 praedis‚
2099 3052 2493 3145 manubiiS‚
2568 3055 3075 3126 combustioni-

938 3163 1225 3266 busque*
1242 3167 1472 3239 affecit
1498 3167 1555 3238 ³.
1590 3171 1677 3240 Et
1701 3192 1868 3238 curn
1904 3169 2098 3268 apud
2126 3169 2408 3243 Blesum
2429 3171 2452 3207 ⁴
2485 3171 2641 3242 loca
2676 3169 3076 3242 suburbana

940 3283 1404 3358 succenderet
1428 3339 1448 3375 ,
1480 3283 1828 3356 incendiis
1851 3310 2028 3357 aura
2053 3286 2268 3357 flante
2285 3287 2841 3384 circumquaque
2856 3309 3076 3357 erum-

938 3405 1271 3507 pentibus
1290 3460 1309 3496 ,
1339 3407 1413 3476 in
1433 3405 1844 3478 coenobium
1872 3406 2394 3479 monachorum
2417 3409 2640 3479 sancti
2659 3407 3074 3478 confessoris

938 3509 1366 3602 Laudomari
1408 3521 1587 3617 ignis
1629 3520 1979 3619 plurimus
2028 3521 2369 3611 evolavit;
2422 3523 2622 3620 quod
2665 3547 2837 3593 mox
2887 3544 3068 3591 com-

937 3636 1229 3708 bustum
1268 3635 1587 3707 dirutum
1640 3635 1809 3726 fuit3
1864 3634 2007 3706 cibi
2055 3661 2345 3734 quoque
2390 3637 2817 3735 consumpti.
2877 3635 3069 3706 Unde

941 3779 1076 3826 nec
1126 3752 1651 3836 monachorum
1696 3752 2026 3849 migratio
2077 3754 2322 3842 defuit.
2381 3759 2506 3825 His
2550 3754 2892 3851 exemptis
2909 3805 2929 3842 ,
2995 3753 3062 3821 in

1007 3969 1039 4002 ¹*
1076 3986 1107 4020 a
1125 4007 1145 4034 ,
1172 3967 1416 4020 Fulconis
1431 4007 1445 4032 ,
1474 3979 1563 4020 tan
1586 3966 1796 4019 abscisa.

1010 4063 1026 4092 ⁸
1064 4045 1161 4113 νῇ
1188 4059 1361 4112 codex.
1761 4040 1769 4048 ⁴

1000 4147 1025 4177 ²
1060 4141 1305 4198 redderet
1326 4159 1452 4194 corr.
1480 4141 1759 4194 conferret.

1004 4231 1029 4262 ⁸
1065 4227 1291 4300 percutit
1312 4247 1439 4280 eon-.-
1464 4227 1656 4278 affecit.

1008 4314 1030 4344 ⁴
1062 4315 1121 4368 b.
1148 4320 1373 4364 castrum
1408 4309 1633 4362 deletum.
