3459 5375
877 536 964 597 64
1609 530 1940 595 RICHERI
1985 530 2135 596 LIB.
2186 532 2304 593 ΠΙ.

882 1204 1028 1266 LVI.
1050 1242 1124 1255 —
1149 1212 1342 1285 Figura
1357 1207 1600 1266 Gerberti
1611 1204 1979 1284 philosophica
1993 1226 2091 1282 per
2106 1208 2381 1262 malivolos
2397 1198 2708 1281 depravata,
2736 1209 2805 1263 ab
2833 1208 3017 1289 Otr-ico

1742 1299 2163 1379 reprehenditur.

977 1440 1261 1512 Etenim
1295 1466 1463 1513 cum
1501 1440 2015 1513 mathematicae
2052 1440 2325 1539 phisica
2362 1463 2517 1539 par,
2548 1454 2760 1537 atque
2785 1464 3022 1512 coaeva

875 1580 923 1629 a
957 1553 1306 1630 Gerberto
1342 1561 1576 1658 posita
1611 1560 1878 1647 fixisset,
1914 1556 2005 1629 ab
2040 1556 2183 1628 hoc
2220 1555 2729 1629 mathematicae
2766 1557 3023 1629 eadem

879 1673 1152 1772 phisica
1211 1688 1293 1745 ut
1354 1675 1596 1771 generi
1651 1675 1923 1774 species
1984 1672 2267 1745 subdita
2318 1689 2464 1765 est3
2532 1674 3022 1771 incertumque

880 1804 1123 1862 utrum
1161 1789 1507 1862 industria
1545 1814 1637 1862 an
1659 1872 1662 1878 ¹
1682 1814 1923 1862 errore
1967 1790 2039 1861 id
2084 1790 2349 1861 factum
2393 1791 2505 1861 sit.
2561 1790 2817 1887 Sicque
2856 1815 3022 1861 cum

881 1902 1257 2007 multiplici
1319 1907 1761 1978 diversarum
1820 1924 2062 1979 rerum
2128 1902 2618 1977 distributione
2637 1959 2657 1995 ,
2734 1902 3021 1977 Octrico
3074 1996 3077 1999 Ι

883 2022 1110 2122 figura
1143 2022 1377 2095 delata
1411 2037 1539 2094 est.
1593 2027 1829 2111 Quam
1864 2024 2013 2121 ipse
2045 2016 2573 2120 diligentissime
2608 2023 2977 2095 revolvens
2994 2078 3015 2113 ,

881 2140 1307 2213 Gerbertum
1331 2138 1533 2210 male?
1541 2130 1856 2211 divisisse
1892 2139 2086 2237 apud
2108 2163 2275 2210 suos
2307 2138 2893 2230 calumniabatur,
2932 2165 3021 2212 eo

881 2258 1081 2357 quod
1113 2258 1420 2329 duarum
1447 2254 1824 2353 aequalium
1856 2255 2277 2353 specierum,
2319 2256 2519 2329 alteri
2546 2255 2841 2329 alteram
2860 2256 3022 2329 sub-

879 2375 1197 2445 stitutam
1225 2386 1306 2443 ut
1339 2372 1579 2469 generi
1611 2371 1920 2470 speciem
1962 2370 2187 2469 figura
2220 2372 2717 2445 mentiebatur.
2762 2378 2859 2445 Ac
2894 2400 3024 2472 per

879 2489 1022 2562 hoc
1054 2488 1234 2559 nihil
1258 2513 1429 2560 eum
1458 2485 1927 2585 philosophiae
1955 2489 2350 2587 percepisse
2388 2488 2723 2561 audacter
2754 2503 3021 2561 astrue-

877 2604 1025 2677 bat.
1061 2605 1388 2703 Illudque
1415 2628 1582 2676 eum
1620 2604 1903 2702 penitus
1935 2604 2262 2702 ignorare
2289 2604 2593 2698 dicebat,
2629 2607 2703 2677 in
2728 2632 2876 2705 quo
2911 2607 3020 2677 di-

879 2725 1047 2796 vina
1079 2737 1152 2795 et
1195 2721 1512 2794 humana
1547 2723 1967 2813 consistunt,
2010 2725 2162 2795 sine
2195 2723 2453 2820 quibus
2475 2725 2689 2796 etiam
2724 2723 2898 2795 nulli
2935 2725 3023 2796 sit

878 2835 1558 2938 philosophandum.
1617 2838 1802 2910 Tulit
1862 2840 2098 2938 itaque
2164 2841 2256 2912 ad
2318 2841 2659 2940 palatium
2722 2841 3021 2940 figuram

881 2941 1209 3046 eandem,
1248 2970 1319 3028 et
1353 2977 1597 3027 coram
1627 2958 1901 3029 Ottone
1944 2972 2240 3056 augusto
2286 2959 2369 3029 iis
2404 2961 2529 3057 qui
2563 2960 3021 3058 sapientiores

876 3070 1303 3144 videbantur
1344 3096 1502 3145 eam
1538 3071 1931 3171 explicavit.
1971 3078 2319 3172 Augustus
2352 3100 2523 3146 vero
2562 3101 2727 3147 cum
2764 3091 2836 3148 et
2869 3078 3021 3174 ipse

878 3189 1125 3261 talium
1172 3187 1726 3261 studiosissimus
1756 3188 2164 3282 haberetur,
2208 3216 2298 3263 an
2328 3191 2713 3264 Gerbertus
2740 3216 3019 3265 errave-

877 3307 968 3376 rit
1020 3304 1526 3377 admirabatur.
1587 3307 1878 3378 Viderat
1914 3308 2180 3379 etenim
2226 3307 2452 3398 illum,
2500 3323 2571 3380 et
2616 3334 2765 3380 non
2800 3308 3019 3381 semel

878 3422 1361 3520 disputantem
1409 3425 1751 3496 audierat.
1795 3426 2003 3498 Unde
2037 3441 2108 3497 et
2148 3424 2239 3497 ab
2273 3451 2361 3498 eo
2395 3426 2747 3525 praedictae
2794 3425 3018 3524 figure

879 3539 1306 3613 solutionem
1323 3541 1475 3612 fleri
1495 3542 1797 3613 nimium
1826 3542 2142 3640 optabat.
2174 3540 2319 3616 Nec
2341 3543 2565 3615 defuit
2586 3544 2687 3616 rei
2704 3545 3009 3616 occasio.

1861 3783 2035 3834 LVII.

975 3924 1154 3992 Nam
1214 3922 1663 3994 venerandus
1717 3925 2103 3994 Remorum
2166 3922 2753 4021 metropolitanus
2808 3922 3017 3994 Adal-

875 4035 1076 4128 ber0,
1116 4052 1279 4135 post
1312 4037 1622 4111 eundem
1656 4064 1929 4112 annum
1971 4043 2273 4112 Romam
2308 4066 2475 4113 cum
2510 4039 2856 4112 Gerberto
2891 4064 3016 4137 pe-

875 4152 1103 4246 tebat,
1146 4178 1229 4225 ac
1261 4155 1483 4225 Ticini
1532 4170 1910 4253 augustum
1948 4181 2115 4228 cum
2142 4158 2389 4228 Otrico
2419 4158 2750 4258 repperit.
2784 4160 2841 4227 A
2869 4179 3016 4253 quo

871 4274 1087 4346 etiam
1133 4272 1503 4372 magnifice
1549 4291 1883 4372 exceptus
1932 4291 2068 4367 est,
2126 4277 2522 4374 ductusque
2566 4301 2696 4376 per
2743 4273 3018 4347 Padum
