3459 5375
810 542 890 601 76
1530 539 1867 601 RICHERI
1913 538 2064 603 LIB.
2111 538 2230 600 111.

815 703 852 743 «
894 696 1035 771 que
1070 686 1351 748 tantum
1378 696 1530 745 non
1565 672 1917 772 procedit,
1963 687 2314 772 quantum
2341 672 2434 743 ab
2463 671 2602 744 hac
2628 688 2832 770 parte
2859 697 2961 747 re-

814 822 849 861 «
884 790 1251 889 linquitur.
1288 795 1469 863 Sunt
1504 794 1698 865 enim
1727 815 2033 891 corpora
2067 789 2415 863 nonnulla
2433 842 2453 881 ,
2497 803 2709 888 atque
2747 792 2959 864 etiam

816 940 853 979 c<
894 909 1189 983 diversis
1214 907 1491 1006 objecta
1507 964 1527 1001 ‚
1560 935 1719 1009 quae
1739 910 2010 982 umbrae
2039 932 2252 981 causa
2277 932 2430 979 esse
2455 932 2605 979 non
2628 922 2955 1006 possunt.

816 1055 855 1093 «
891 1028 1037 1099 Nec
1086 1023 1326 1097 abnuo
1376 1026 1764 1109 multarum
1808 1050 2050 1098 rerum
2085 1047 2354 1111 causa&
2400 1022 2690 1119 singulis
2715 1022 2966 1095 dictio-

818 1172 854 1210 «
894 1142 1107 1227 nibus
1132 1142 1389 1235 efferri,
1435 1142 1657 1215 veluti
1697 1159 1866 1220 sunt
1899 1166 2157 1239 genera
2189 1165 2347 1238 quae
2380 1140 2775 1238 specierum
2805 1164 2966 1211 cau·
3071 1171 3076 1180 ·

819 1286 856 1326 t(
892 1282 1005 1330 sas
1052 1283 1270 1331 nemo
1316 1260 1635 1356 ignorat,
1689 1259 1884 1330 velut
1930 1273 2037 1331 est
2092 1257 2520 1347 substantia,
2579 1259 2958 1354 quantitaS,

816 1403 855 1443 «
896 1374 1220 1471 qualitas,
1278 1374 1429 1447 Alia
1476 1400 1648 1447 vero
1702 1399 1851 1447 non
1905 1374 2316 1492 simpliciter
2355 1373 2837 1473 proferuntur,
2885 1390 2966 1447 ut

819 1520 857 1559 «
896 1490 1238 1563 rationale
1271 1492 1363 1563 ad
1400 1492 1823 1563 mortale.»

986 1674 1153 1726 LXV.
1179 1703 1253 1714 —
1276 1671 1417 1739 Quid
1445 1671 1802 1731 continentius
1822 1670 1854 1705 *¹*
1891 1672 1986 1737 sit,
2018 1671 2275 1725 rationale
2292 1674 2323 1707 ἦ·
2353 1690 2422 1725 au
2437 1672 2471 1707 ¹*
2507 1674 2730 1725 mortale
2749 1673 2804 1724 *.

910 1798 1107 1867 Tunc
1139 1794 1631 1877 vehementius
1662 1794 1949 1864 Otricus
1977 1792 2361 1886 admirans,
2406 1796 2538 1866 ait:
2567 1824 2605 1863 u
2645 1798 2752 1867 An
2779 1818 2964 1867 mor—

822 1940 858 1979 «
892 1910 1030 1983 tale
1060 1912 1385 1983 rationali
1424 1910 1814 2010 supponis?
1856 1911 2033 1999 Quis
2057 1911 2349 2001 nesciat,
2393 1910 2591 2008 quod
2621 1910 2966 1982 rationale

820 2058 856 2097 ‹
898 2033 1133 2101 Deum
1175 2044 1247 2101 et
1287 2029 1617 2127 angelum
1659 2028 2173 2125 hominemque
2210 2027 2615 2119 concludat,
2668 2028 2965 2101 mortale

822 2174 857 2211 «
899 2134 1072 2217 vero
1111 2131 1360 2244 utpote
1404 2145 1632 2243 majus
1655 2159 1727 2216 et
1757 2145 2235 2216 continentius
2274 2146 2516 2215 omnia
2549 2140 2871 2216 mortalia
2897 2160 2968 2217 et

822 2292 857 2330 «
900 2288 1031 2361 per
1054 2262 1200 2334 hoc
1226 2262 1502 2335 infinita
1528 2262 1855 2359 colligat?
1894 2291 1929 2330 >2
1966 2261 2071 2333 Ad
2095 2262 2246 2334 haec
2277 2263 2710 2335 Gerbertus:
2751 2292 2788 2330 «
2820 2265 2895 2334 Si
2926 2292 2961 2329 υ

818 2381 1047 2479 inquit
1080 2410 1117 2450 «
1159 2378 1556 2451 secundum
1608 2379 2060 2477 Porphirium
2104 2394 2318 2476 atque
2367 2380 2733 2471 Boanum,
2799 2380 2964 2452 suh-

825 2526 861 2563 «
902 2497 1174 2569 stantiae
1201 2497 1621 2569 divisionem
1648 2522 1875 2594 usque
1917 2495 2010 2567 ad
2044 2496 2412 2568 individua
2452 2495 2716 2568 idonea
2749 2499 2966 2594 parti-

826 2642 861 2679 «
903 2614 1101 2685 tione
1126 2612 1607 2713 perpenderes
1615 2668 1635 2705 ,
1664 2612 2010 2685 rationale
2033 2614 2514 2685 continentius
2537 2640 2756 2713 quam
2773 2618 2967 2688 mor-

825 2761 861 2798 «
906 2731 1043 2802 tale
1088 2733 1241 2803 sine
1295 2730 1517 2802 dubio
1561 2729 1908 2820 haberes;
1950 2731 2166 2828 idque
2205 2733 2539 2828 congruis
2570 2732 2969 2806 rationibus

824 2875 859 2913 «
904 2847 1260 2918 enucleari
1303 2844 1377 2917 in
1425 2865 1766 2945 promptu
1812 2863 1940 2918 est.
1977 2847 2259 2918 Etenim
2301 2872 2469 2919 cum
2497 2864 2773 2920 constet
2808 2849 2971 2921 sub·

828 2989 867 3030 ‹·‹
909 2965 1241 3035 stantiam
1264 2988 1484 3061 genus
1505 2954 2111 3061 generalissimum
2128 3019 2146 3056 ‚
2174 2991 2302 3064 per
2324 2963 2732 3037 subalterna
2759 2991 2971 3065 posse

826 3107 861 3146 «
905 3077 1126 3150 dividi
1163 3103 1388 3177 usque
1427 3079 1519 3150 ad
1556 3079 1962 3171 individua,
1999 3081 2396 3153 videndum
2433 3096 2538 3152 est
2598 3106 2689 3152 an
2728 3083 2972 3154 onmia

828 3226 863 3264 t<
908 3195 1313 3268 subalterna
1358 3197 1649 3294 singulis
1694 3198 2125 3269 dictionibus
2172 3199 2648 3297 proferantur.
2700 3200 2840 3271 Sed
2899 3201 2975 3271 li·

833 3343 868 3381 «
913 3313 1138 3411 quido
1165 3328 1369 3412 -patet
1401 3312 1535 3386 alia
1562 3313 1660 3396 de,
1680 3315 1972 3411 singulis
1997 3369 2016 3403 ‚
2059 3307 2210 3386 alia⁴
2237 3314 2328 3387 de
2352 3315 2678 3414 pluribus
2699 3340 2988 3386 nomen.

828 3458 863 3497 «
910 3430 1175 3502 factum
1207 3429 1498 3502 habere.
1546 3435 1653 3502 De
1688 3431 2015 3527 singulis,
2048 3446 2129 3502 ut
2155 3456 2416 3530 corpus
2437 3486 2458 3524 ,
2501 3432 2592 3504 de
2616 3430 2966 3531 pluribuS‚

830 3577 866 3615 t<
911 3563 990 3619 ut
1012 3549 1402 3620 animatum
1426 3548 1780 3640 sensibile.
1824 3548 2094 3620 Eadem
2122 3575 2411 3647 quoque
2435 3551 2712 3621 ratione
2739 3548 2974 3622 subal-
3019 3549 3033 3558 ”

830 3695 864 3732 α
908 3681 1193 3738 ternum
1246 3665 1446 3765 quod
1488 3683 1591 3740 est
1633 3667 1895 3739 animal
1951 3667 2296 3740 rationale
2318 3722 2335 3757 ‚
2395 3666 2820 3766 praedicatur
2881 3667 2972 3738 de

830 3811 866 3849 «
909 3782 1226 3878 subjecto
1274 3784 1474 3881 quod
1524 3799 1630 3855 est
1688 3784 1952 3856 animal
2025 3784 2371 3857 rationale·
2429 3785 2746 3856 mortale.
2829 3789 2974 3856 Nec

832 3929 867 3965 α
911 3899 1102 3990 dico,
1133 3900 1332 3996 quod
1370 3901 1711 3973 rationale
1749 3901 2074 4000 simplex,
2107 3902 2530 4000 praedicetur
2551 3903 2643 3974 de
2674 3903 2974 4002 simplici

834 4046 891 4105 κ,
915 4015 1230 4108 mortali3
1263 4017 1339 4087 id
1366 4019 1560 4089 enim
1586 4044 1731 4089 non
1762 4019 2128 4117 procedit3
2158 4020 2283 4091 sed
2311 4021 2655 4092 rationale
2679 4021 2974 4118 inquam

834 4163 867 4200 α
913 4133 1199 4205 animali
1235 4135 1699 4230 conjunctum
1723 4192 1743 4226 ,
1807 4136 2228 4234 praedicatur
2281 4138 2371 4209 de
2417 4137 2740 4227 mortali,
2800 4161 2974 4208 con-

901 4328 929 4357 *
967 4328 1139 4394 conti,
1165 4329 1297 4392 tius,
1335 4329 1471 4393 ati0,
1507 4349 1602 4393 an,
1642 4331 1741 4382 tale
1776 4330 1982 4381 abscisa.
