3459 5375
901 508 1022 568 222
1621 497 1957 562 RICHERI
1999 497 2152 560 Lm.
2206 499 2315 564 1v.

901 635 1234 712 nonnulli
1261 635 1478 710 etiam
1501 632 2039 706 scolasticorum
2082 635 2159 706 in
2194 633 2346 730 ejus
2390 633 2881 708 defensionem
2910 634 3051 708 alia

901 755 1317 844 scriberent,
1350 752 1486 824 alia
1521 751 1781 848 scripta
1807 750 1900 822 de
1932 749 2331 824 canonibus
2354 749 2792 850 proferrent,
2833 749 3051 848 idque

903 875 1000 947 ad
1032 897 1238 947 aures
1266 895 1514 970 regum
1548 868 1853 942 relatum
1876 884 2084 962 esset,
2116 869 2353 941 edicto
2383 869 2401 906 ¹
2452 870 2649 966 regio
2682 867 3053 942 decretum

905 1005 1036 1081 est,
1075 1004 1156 1061 ut
1177 988 1496 1089 episcopi
1521 983 1765 1058 Galliae
1798 1009 2050 1058 omnes
2076 987 2200 1083 qui
2230 984 2469 1057 valent
2492 999 2567 1058 et
2594 985 2905 1056 maxime
2930 984 3055 1081 qui

907 1102 1546 1205 comprovinciales
1573 1117 1765 1194 sunt,
1794 1103 1869 1173 in
1905 1127 2134 1176 unum
2159 1103 2625 1193 conveniant3
2654 1102 2779 1200 qui
2815 1116 3057 1173 autem

907 1223 1152 1295 adesse
1188 1245 1337 1293 non
1373 1234 1672 1319 possent
1692 1273 1710 1310 ,
1765 1243 1969 1290 suam
2007 1218 2403 1291 absentiam
2426 1244 2557 1319 per
2589 1218 2857 1317 legatos
2902 1217 3057 1288 ido-

907 1365 1084 1412 neos
1145 1363 1188 1410 a
1245 1338 1636 1437 suspitione
1679 1351 2089 1437 purgarent.
2133 1336 2381 1435 Ibique
2438 1337 2648 1410 certis
2692 1361 2777 1409 ac
2833 1335 3059 1408 firmis

909 1457 1362 1530 decretorum
1424 1455 1823 1528 rationibus
1886 1468 2010 1526 aut
2067 1455 2477 1527 convictum
2536 1455 3013 1553 dampnarent
3030 1507 3053 1541 ,

908 1589 1032 1646 aut
1067 1572 1377 1673 pristinae
1411 1570 1600 1643 sedis
1635 1570 1961 1668 dignitati
1999 1587 2381 1670 purgatum
2402 1573 2875 1644 restituerent.
2904 1571 3063 1644 Col·

908 1691 1072 1763 lecti
1105 1703 1276 1760 sunt
1311 1713 1482 1785 ergo
1520 1689 1594 1759 in
1639 1687 1973 1760 coenobio
2011 1689 2533 1761 monachorum
2566 1689 2791 1760 sancti
2828 1687 3061 1760 Basoli

911 1805 1370 1895 confessoris,
1415 1809 1805 1876 Remorum
1860 1803 2307 1896 diocesanei,
2352 1807 2712 1878 Remensis
2767 1804 3059 1904 quidem

912 1920 1444 2021 metropolitani
1487 1921 2126 2020 comprovinciales
2145 1976 2166 2012 ,
2202 1921 2441 1993 Guido
2480 1925 2868 1995 Suesorum
2918 1923 3063 2022 epi-

913 2069 1174 2145 scopus
1193 2097 1214 2136 ‚
1264 2043 1616 2116 Adalbero
1689 2042 2179 2116 Laudun'ensis
2235 2045 2639 2144 episcopuS,
2676 2047 3061 2119 Herivevus

915 2160 1353 2232 Belvacensis
1371 2160 1774 2258 episcopm,
1803 2158 2358 2232 Godesmannus
2388 2161 2877 2235 Ambianensis
2921 2163 3063 2264 epi-

915 2303 1211 2378 scopuS,
1257 2275 1626 2350 Ratbodus
1653 2277 2149 2350 Noviomensis
2184 2279 2597 2379 episcopus,
2648 2279 2813 2354 Odo
2848 2282 3063 2354 Silva-

917 2395 1269 2469 nectensis
1331 2395 1750 2494 episcopus;
1782 2394 2158 2468 Daibertus
2210 2397 2749 2469 Bituricensium
2802 2415 3063 2470 metro-

913 2513 1308 2614 politanus3
1338 2510 1830 2608 Lugdunensis
1853 2513 2377 2612 metropolitani
2398 2515 3055 2615 comprovinciales,

918 2629 1292 2704 Gualterus
1334 2628 1991 2727 Augustudunensis
2044 2631 2420 2733 episcopus
2438 2688 2457 2725 ‚
2516 2639 2757 2706 Bruno
2804 2635 3059 2732 Lingo-

921 2750 1160 2821 nensis
1193 2749 1594 2848 episcopus»,
1640 2746 1812 2827 Milo
1839 2748 2371 2821 Matisconensis
2398 2752 2810 2851 episcopus;
2845 2752 3060 2851 sigui-

921 2891 1058 2939 nus
1120 2865 1640 2937 Senonensium
1691 2865 2279 2965 metropolitanus
2296 2923 2316 2960 ,
2372 2894 2540 2940 cum
2588 2871 2731 2943 suis
2772 2870 3058 2943 Arnulfo

927 2980 1412 3052 Aurelianensi
1464 2981 1803 3081 episcopo
1832 3037 1852 3071 ‚
1912 2982 2258 3055 Herberto
2319 2986 2880 3059 Autisiodorensi
2922 2989 3060 3088 epi-

921 3092 1170 3196 scopo.
1208 3098 1348 3184 Qui
1383 3097 1459 3167 in
1488 3123 1713 3169 unum
1740 3099 2228 3193 considentes,
2261 3102 2708 3176 diversorum
2740 3105 3062 3177 locorum

925 3210 1215 3283 abbates
1237 3212 1364 3309 qui
1389 3211 1709 3303 aderant,
1741 3229 1906 3313 post
1930 3216 2313 3288 solitariam
2336 3218 2445 3290 sui
2476 3218 3057 3319 disputationem,

925 3353 1177 3439 secumv
1201 3327 1590 3429 consedere
1617 3330 1999 3426 jusserunt.

997 3528 1119 3579 LII.
1138 3556 1212 3568 —-
1235 3526 1551 3580 Deliberatio
1567 3526 1600 3561 ⁴⁸*
1621 3526 1688 3581 de
1711 3513 1965 3600 dig-nitate*
1978 3530 2009 3565 ³⁸¹
2036 3532 2267 3585 habendi
2290 3534 2322 3567 ⁴⁸
2346 3534 2523 3606 juditii
2550 3549 2602 3589 et
2623 3538 2913 3608 praelaturoe
2928 3539 2978 3590 ¹¹.

1026 3690 1134 3758 De
1158 3684 1494 3757 habenda
1515 3686 1728 3783 igitur
1753 3688 2037 3781 sinodo,
2063 3692 2335 3765 ratione
2362 3693 2567 3787 facta,
2592 3696 3066 3769 ordinandum

932 3802 1311 3905 putabant,
1362 3802 1478 3874 cui
1530 3818 1843 3902 potestas
1896 3805 2265 3902 judicandi
2315 3809 2407 3882 de
2462 3812 2751 3911 singulis
2802 3814 3069 3889 confer-

933 3936 1162 4010 retur3
1225 3945 1444 4018 quem
1493 3923 1709 3993 etiam
1744 3922 2239 3999 habendarum
2286 3930 2647 4003 rationum
2704 3931 3069 4007 custodem

1007 4166 1038 4198 θ’
1071 4183 1131 4217 ra
1149 4204 1165 4230 ,
1192 4163 1368 4235 digni,
1393 4164 1522 4231 ndi,
1549 4167 1709 4237 praela
1734 4167 1941 4219 abscisa.

1013 4251 1029 4281 ¹
1076 4248 1284 4302 decreto
1311 4268 1436 4301 corr.
1465 4248 1661 4302 edicto.
