3459 5375
838 511 956 575 104
1456 500 1463 507 ’
1534 516 1894 591 lucunas
1919 516 2070 577 12113.
2123 518 2240 577 ιιι.

778 670 787 680 ’
826 647 985 719 solo
1045 649 1383 749 episcopo
1438 648 2034 741 introduceretur,
2101 664 2180 721 ut
2241 674 2408 757 rege
2462 650 2798 723 latiariter
2855 650 2976 729 lo-

825 779 1095 861 quente
1114 819 1133 855 ,
1174 767 1551 866 episcopus
1594 767 1956 865 latinitatis
2003 768 2352 871 interpres
2370 820 2389 857 ,
2433 767 2599 839 duci
2630 768 2976 865 quicquid

831 884 1187 959 diceretur
1221 886 1589 961 indicaret.
1641 890 2058 987 Introgressi
2097 890 2310 987 igitur
2332 944 2350 981 ,
2405 914 2449 961 a
2495 914 2660 993 rege
2709 891 2976 987 ingenti

832 1011 1079 1084 favore
1099 1014 1377 1111 excepti
1401 1027 1607 1107 sunt.-
1628 1014 1774 1084 Rex
1800 1013 2224 1110 injuriarum
2248 1013 2612 1111 querelam
2635 1013 2972 1113 deponit3

834 1142 907 1200 et
928 1128 1257 1227 osculum
1276 1128 1482 1219 danS,
1512 1130 1810 1227 gratiam
1829 1126 1941 1203 sui
1961 1130 2365 1212 favoraliter
2378 1116 2608 1203 amico
2633 1132 2972 1231 impertit.

836 1249 1007 1319 Post
1018 1217 1242 1318 multa
1268 1246 1627 1345 colloquia
1652 1247 1746 1319 ‘de
1769 1248 2087 1351 amicicia
2101 1246 2466 1339 habenda,
2495 1273 2663 1320 cum
2687 1274 2809 1321 rex
2836 1250 2981 1320 exi-

832 1379 967 1451 ret,
999 1362 1461 1461 gladiumque
1495 1364 1884 1470 respiciens
1919 1372 2234 1463 peteret,
2257 1364 2404 1435 dux
2439 1365 2808 1465 paululum
2837 1392 2878 1438 a
2905 1391 3006 1451 se=

836 1477 1219 1553 discedens
1232 1506 1307 1552 se
1322 1478 1685 1552 inclinavit
1698 1496 1778 1551 ut
1789 1480 2105 1579 gladium
2123 1481 2424 1572 tolleret,
2458 1508 2554 1554 ac
2563 1498 2729 1579 post
2742 1508 2981 1580 regem

830 1597 1077 1686 ferret3
1058 1594 1235 1667 ·hac
1258 1598 1451 1668 enim
1476 1621 1691 1669 causa
1710 1622 1926 1697 super
1943 1597 2190 1669 sellam
2204 1598 2492 1670 relictus
2511 1598 2664 1689 fuit,
2690 1616 2769 1672 ut
2804 1599 2982 1672 du'm

831 1714 976 1787 dux
990 1715 1299 1786 cunctis⁴
1328 1712 1773 1787 videntibus⁴
1807 1716 2164 1813 gladium⁴
2204 1716 2443 1807 ferret,
2459 1710 2916 1816 inposterum
2948 1719 2963 1755 ⁴

832 1832 1049 1903 etiam
1086 1856 1161 1902 se
1187 1834 1683 1931 portaturum⁴
1719 1832 2150 1905 indicaret.
2097 1834 2112 1870 ⁴
2191 1836 2592 1935 Episcopus
2614 1860 2788 1907 vero
2813 1835 2984 1907 duci

834 1948 1251 2039 consule'nS,
1295 1948 1607 2045 gladium
1646 1948 1739 2020 ab
1779 1950 1930 2046 ejus
1967 1974 2184 2022 manu
2215 1953 2488 2051 rapuit,
2517 1966 2588 2023 et
2613 1950 2762 2051 ipse
2789 1951 2982 2024 defe-
3013 1980 3020 1985 ·
3065 1949 3068 1951 ’

832 2091 999 2139 rens
1036 2082 1202 2165 post
1247 2087 1485 2176 regem
1541 2067 1847 2138 incessit.
1909 2068 2126 2163 Cujus
2152 2067 2628 2165 prudentiam
2667 2067 2879 2139 simul
2913 2082 2986 2140 et

835 2178 1165 2249 astutiam
1204 2203 1339 2249 rex
1386 2160 1816 2268 admiratuS,
1866 2178 2061 2278 apud
2112 2204 2280 2262 suos
2328 2195 2578 2278 postea
2629 2204 2780 2251 non
2831 2180 2984 2269 sine

836 2293 1050 2377 laude
1088 2296 1324 2394 sepius
1359 2282 1855 2392 frequentavit
1903 2300 2178 2367 Ducem
2223 2321 2514 2395 quoque
2566 2298 2642 2368 in
2678 2296 2984 2396 plurima

838 2412 1161 2488 amicicia
1194 2421 1637 2510 susceptum,
1688 2438 1856 2484 cum
1892 2412 2174 2487 honore
2217 2428 2290 2521 et
2322 2440 2502 2511 pace
2535 2440 2742 2513 pene
2758 2439 2984 2559 usque

838 2529 932 2601 ad
969 2529 1176 2629 Alpes
1202 2529 1463 2601 deduci
1490 2528 1677 2600 fecit.

1086 2907 1093 2924 ⁹
1204 2862 1505 2955 Lxlkxw.
1532 2933 1607 2944 --
1627 2905 1862 2975 Epistola
1885 2903 2124 2972 Lotharii
2156 2903 2224 2956 ad
2250 2902 2614 2967 Chonradum.
2684 2897 2688 2902 ’

942 3063 1319 3136 Lotharius
1345 3089 1501 3154 rex,
1529 3049 1817 3136 necnon
1851 3057 2217 3145 et.Emma
2238 3066 2482 3161 regina
2513 3063 2804 3137 insidias
2835 3062 2986 3135 ubi-

846 3207 987 3280 que
1022 3169 1412 3280 parahant3
1462 3197 1533 3253 et
1576 3196 1657 3252 ut
1690 3182 1764 3251 in
1820 3183 2070 3254 itinere
2129 3179 2552 3254 redeuntem
2614 3196 2980 3280 caperent,

845 3299 1055 3372 dolos
1106 3298 1663 3399 praetendebant.
1742 3299 1960 3395 Igitur
2019 3298 2355 3370 Conrado
2432 3298 2988 3371 Alemannorum

844 3412 991 3517 regi
1018 3407 1411 3517 epistolam.
1428 3417 1683 3514 legavit
1715 3416 1914 3488 hunc
1944 3416 2250 3488 modum
2283 3415 2671 3506 habentem
2713 3445 2730 3486 ε
2779 3447 2816 3484 «
2857 3421 2988 3488 Lo·

849 3560 887 3598 «
931 3529 1199 3600 tharius
1234 3533 1671 3600 Francorum
1722 3528 1942 3624 gratia
1981 3529 2114 3598 Dei
2166 3553 2326 3620 rex,
2374 3527 2781 3599 Conrado·²
2839 3527 2990 3599 Ale-

843 3678 896 3717 ιι
932 3669 1365 3718 mannorum
1386 3645 1535 3742 regi
1568 3644 1912 3742 quicquid
1947 3645 2104 3718 sibi.
2149 3645 2766 3720 Amicioiam'inter
2791 3669 2925 3717 nos
2949 3671 2988 3716 a

840 3762 885 3834 ἀ
930 3763 1507 3861 multotempore
1528 3763 2013 3852 constitutam,
2041 3761 2544 3834 inviolabiliter
2567 3787 2990 3833 conservare

852 3913 888 3950 t<
932 3905 1215 3979 semper
1248 3879 1425 3968 mihi
1466 3895 1744 3976 gratum
1789 3879 1941 3950 ffiit.
1985 3879 2202 3974 Cujus
2251 3879 2522 3950 ftuctus
2569 3903 2738 3949 cum
2763 3903 2821 3948 ·a
2849 3894 2990 3949 'me
3051 3907 3064 3918 ·

850 4029 886 4066 «
930 3983 1299 4096 multiplex
1327 3997 1516 4068 exire
1541 3995 1798 4130 valeat,
1827 3990 2011 4083 'utile
2047 3995 2220 4067 duxi
2255 3995 2600 4120 quiddam
2635 3996 2842 4068 vobis
2879 3995 2988 4066 in-

920 4223 937 4254 *
976 4241 1153 4286 cunc,
1174 4223 1271 4274 bus
1291 4224 1451 4293 ,gla,
1478 4224 1533 4274 in
1564 4237 1711 4294 post,
1737 4238 1768 4275 e
1791 4241 1912 4295 por,
1939 4225 2099 4276 icaret
2123 4242 2184 4274 oa:
2209 4225 2346 4306 conj?
2321 4237 2414 4274 e.ct

915 4306 937 4335 ²
975 4302 1295 4356 conrandoc
1296 4303 1389 4354 ode
1380 4325 1441 4354 ...t
