3459 5375
833 494 915 556 44
1547 500 1905 565 RICHERI.
1927 500 2077 563 LIB.
2128 502 2247 563 111.

839 656 875 695 «
921 624 1248 699 addituin
1285 646 1413 703 est.
1464 635 1794 720 Quorum
1840 658 2181 707 numerus
2216 660 2385 706 cum
2425 659 2512 707 ex
2546 635 2723 707 locis
2758 637 2982 710 diver-

838 772 874 810 «
917 744 1011 847 sis
1043 743 1394 844 plurimus
1433 765 1652 841 esset,
1694 774 1738 821 a
1769 748 2171 850 pluralitate
2219 748 2575 824 malorum
2615 750 2979 825 bonorum

839 886 875 924 c<
917 860 1255 958 paucitati
1291 861 1368 933 id
1401 888 1816 963 persuasum
1853 880 1981 937 est.
2046 894 2082 932 n

1363 1043 1510 1097 xm.
1530 1072 1605 1086 —-
1623 1044 1753 1098 De*
1778 1044 2115 1098 femoralibus
2135 1045 2167 1078 ¹¹
2196 1044 2387 1115 iniquis
2402 1042 2455 1094 ¹¹.

936 1196 971 1235 κ
1015 1166 1157 1239 Sed
1197 1166 1375 1265 quid
1409 1168 1781 1241 femoralia
1816 1170 2065 1267 iniqua
2118 1168 2469 1242 referam?
2514 1172 2794 1241 Horum
2849 1184 2953 1242 et·

842 1310 880 1349 κ
921 1284 1112 1358 enim
1151 1284 1424 1357 tibiales
1446 1301 1700 1384 quater
1736 1286 2155 1385 sesquipede
2180 1300 2450 1385 patent,
2496 1300 2708 1384 atque
2732 1312 2819 1359 ex
2854 1302 2985 1358 sta-

841 1428 878 1467 «
920 1402 1132 1473 minis
1193 1402 1574 1477 subtilitate
1635 1406 1853 1478 etiam
1914 1403 2255 1503 pudenda
2320 1402 2759 1477 intuentibus
2828 1429 2979 1476 non

842 1542 878 1580 t<
907 1530 1346 1613 protegunt3
1405 1521 1482 1591 in
1543 1512 1854 1616 quoruin
1914 1519 2433 1618 compositione
2503 1519 2577 1590 id
2636 1518 2763 1590 uni
2831 1542 2981 1589 non

842 1659 878 1697 «
921 1630 1179 1704 sufficit
1198 1687 1217 1724 ,
1270 1659 1416 1731 quo
1458 1634 1606 1707 duo
1635 1636 1954 1706 contenti
1987 1634 2079 1706 ad
2115 1634 2412 1734 plenum
2447 1658 2597 1707 esse
2638 1633 2975 1706 valerent.

844 1778 881 1815 «
922 1752 1085 1821 Haec
1132 1773 1377 1823 coram
1419 1750 1538 1823 hic
1592 1751 1847 1843 relata,
1918 1778 2011 1825 an
2068 1750 2435 1851 prohiberi
2480 1751 2708 1823 velitis
2731 1806 2750 1843 ‚
2807 1751 2986 1824 indi-

844 1894 879 1933 «
923 1881 1102 1940 cate.
1163 1872 1430 1941 Caetera
1478 1894 1650 1943 vero
1695 1870 1960 1943 nostris
2014 1870 2333 1943 conciliis
2380 1870 2455 1941 in
2502 1870 2781 1968 privato
2834 1894 2987 1940 cor-

843 2010 880 2049 «
925 1983 1214 2081 rigenda
1269 2001 1458 2060 sunt.
1529 2015 1564 2053 >2
1632 1987 1945 2059 Sinodus
1996 1985 2172 2059 dixit
2230 2014 2247 2056 z
2311 2016 2348 2053 «
2412 1990 2501 2057 Et
2554 1986 2984 2085 prohibean-

845 2128 881 2167 «
923 2116 1064 2173 tur.
1123 2130 1159 2169 »
2481 2112 2491 2119 '

1160 2252 1334 2305 XLII.
1357 2282 1432 2295 -
1453 2254 1746 2326 Responsio
1768 2253 2163 2326 metropolitani
2192 2251 2263 2307 ad
2283 2253 2563 2325 primatem
2584 2251 2669 2305 W.

937 2376 1045 2449 Ad
1078 2376 1230 2450 haec
1279 2403 1568 2478 quoque
1623 2381 2219 2481 metropolitanus
2262 2378 2625 2474 subjunxit
2665 2404 2681 2449 ε
2730 2404 2769 2445 «
2814 2380 2987 2449 Gra-

849 2522 886 2562 «
925 2495 1158 2567 vitatis
1201 2495 1494 2592 quidem
1549 2512 1798 2569 vestrae
1846 2497 1978 2569 fuit
2030 2520 2259 2595 pauca
2302 2493 2610 2567 dicendo
2664 2493 2989 2592 pluribus

849 2640 886 2679 «
924 2636 1255 2711 parcere3
1311 2612 1438 2685 sed
1481 2614 1825 2712 quoniam
1870 2613 2023 2685 haec
2073 2638 2231 2712 quae
2282 2610 2855 2712 reprehensimus
2912 2612 2985 2681 in

848 2757 885 2799 κ
924 2745 1160 2803 vestro
1213 2730 1467 2804 ordine
1513 2731 1885 2830 subjacent
1903 2787 1921 2823 ‚
1974 2731 2111 2805 alia
2158 2729 2369 2802 nobis
2383 2783 2402 2820 ,
2448 2729 2584 2802 alia
2632 2753 2805 2800 vero
2850 2729 2988 2827 pri-

847 2875 886 2917 «
923 2849 1102 2919 vatis
1155 2849 1472 2922 conciliis
1533 2850 1956 2948 corrigenda
2009 2847 2340 2945 judicatis
2359 2903 2377 2938 ,
2444 2844 2639 2918 idem
2698 2843 2928 2916 sentio
2962 2899 2980 2934 ,

847 2990 886 3032 «
929 2963 1124 3035 idem
1179 2962 1421 3037 laudo.
1477 2964 1686 3038 Unde
1742 2967 1959 3038 etiam
2014 2988 2172 3062 quae
2220 2961 2342 3035 hic
2395 2959 2697 3033 inhiberi
2757 2973 2989 3032 vesu-a

849 3107 886 3146 «ι
929 3079 1230 3176 gravitas
1257 3082 1463 3180 petit,
1507 3097 1751 3154 nostra
1771 3081 2151 3154 auctoritas
2172 3077 2549 3151 interdicit.
2584 3081 2757 3166 Quae
2782 3075 2989 3148 vobis

851 3225 889 3263 «
929 3195 1205 3270 silendo
1250 3199 1653 3272 reservastis
1673 3253 1691 3290 ,
1757 3199 2005 3272 vestris
2050 3197 2515 3295 relinquimus
2566 3192 2990 3266 inmutanda

851 3341 886 3382 «
920 3313 1216 3410 juditiis.
1265 3345 1304 3382 »
1363 3317 1487 3387 His
1540 3341 1831 3415 quoque
1886 3315 2096 3388 dictis
2119 3370 2139 3406 ,
2201 3312 2497 3385 sinodus
2557 3309 2789 3382 soluta
2852 3323 2979 3382 est.

845 3433 1010 3518 Quo
1038 3447 1362 3531 tempore
1383 3489 1404 3526 ,
1437 3434 1963 3507 monachorum
1988 3431 2234 3529 religio
2272 3428 2665 3502 admodum
2702 3426 2940 3498 floruit
2962 3477 2982 3513 ,

845 3570 1014 3618 cum
1085 3573 1338 3622 eorum
1394 3549 1755 3648 religionis
1810 3550 2273 3650 peritissimus
2342 3543 2841 3642 metropolitan
2850 3566 2931 3614 us
2961 3595 2982 3632 ,

843 3661 1056 3760 hujus
1102 3666 1206 3737 rei
1227 3666 1554 3739 hortator
1589 3683 1773 3740 esset
1798 3682 1870 3742 et
1894 3689 2165 3738 suasor.
2203 3667 2291 3734 Et
2328 3678 2437 3753 ut,
2472 3659 2820 3732 nobilitati
2846 3683 2988 3730 suae

847 3781 924 3852 in
977 3782 1312 3854 omnibus
1345 3784 1834 3883 responderet,
1870 3781 2213 3855 -aecclesiae
2264 3805 2407 3852 suae
2453 3776 2637 3850 filios
2678 3775 2927 3850 studiis
2957 3775 2974 3810 ⁴

845 3895 1254 3970 liberalibus
1287 3899 1634 3974 instruere
1669 3901 1931 3974 utiliter
1966 3897 2344 3998 quaerebat.

917 4087 953 4124 ³
980 4088 1088 4155 De,
1117 4089 1172 4156 f,
1198 4090 1255 4142 in
1278 4089 1486 4143 ahu-isa.
1544 4127 1552 4134 -

919 4172 982 4210 *Ψ
1019 4173 1122 4230 rim
1152 4172 1405 4228 abscisum.

922 4259 940 4289 ¹
977 4257 1178 4313 studuis
1200 4279 1324 4313 corr.
1350 4259 1550 4316 studiis.
