3459 5375
873 579 990 636 170
1602 572 1933 632 RICHER‘I
1980 565 2126 632 LIB‘.
2176 573 2282 635 IV.

849 703 1174 776 'matibus
1200 703 1496 776 consilio
1521 701 1806 792 habito,
1840 703 2146 776 redeunt
2164 757 2182 791 ,
2215 718 2379 802 post
2402 703 2673 774 vernali
2696 719 3017 805 tempore

867 822 1188 893 redituri.
1231 821 1508 910 Quibus
1536 821 1861 893 abductis
1882 876 1900 912 ‚
1944 819 2246 892 Karolus
2286 819 2537 892 urbem
2561 823 3017 920 circumqua-

868 963 1009 1035 que
1066 937 1533 1037 perambulat.
1605 937 1845 1010 Sicubi
1900 940 2113 1010 etiam
2158 937 2482 1010 hostibus
2549 939 2767 1010 facilis
2820 940 3018 1013 locus

870 1070 1064 1154 patet
1082 1109 1101 1146 ,
1159 1053 1520 1153 explorat„
1572 1054 1895 1126 Obstruit
1952 1056 2190 1152 itaque
2241 1069 2482 1155 portas
2542 1055 2859 1128 hostium
2907 1060 3022 1129 in-

872 1173 1140 1269 gressui
1191 1171 1453 1244 faciles.
1505 1171 1812 1243 Obturat
1855 1172 2129 1272 postica
2185 1187 2349 1271 post
2398 1171 2653 1244 domos
2700 1173 3012 1246 latentia.

873 1273 1240 1361 Restaurat
1281 1315 1529 1362 muros
1569 1305 1915 1362 vetustate
1955 1289 2213 1390 lapsos.
2246 1290 2522 1360 Turrim
2567 1315 2854 1388 quoque
2889 1316 3020 1392 po-

871 1405 1169 1479 tioribus
1206 1405 1499 1478 edificiis
1537 1408 1725 1480 intra
1763 1423 1835 1478 et
1870 1423 2065 1480 extra
2108 1406 2352 1479 dilatat
2390 1433 2473 1479 ac
2512 1407 2772 1479 firmat.

1436 1725 1442 1732 ·
1547 1753 1670 1806 XX.
1689 1784 1762 1796 -—
1778 1755 2087 1826 profugium
2114 1754 2365 1826 episcopi.

969 1923 1050 1989 ln
1077 1943 1296 2016 quam
1332 1922 1710 2020 episcopus
1756 1920 2118 2010 detrusus,
2162 1946 2327 1992 cum
2364 1920 2439 1991 in
2477 1920 2801 1992 conclavi
2832 1936 3025 1993 tene-

874 2050 1095 2126 retur,
1138 2023 1427 2108 funibus
1464 2063 1594 2137 per
1634 2037 2015 2110 fenestram
2065 2036 2412 2109 demissus
2436 2094 2455 2127 ,
2498 2052 2821 2136 tempore
2858 2062 3025 2109 noc-

874 2167 1090 2223 turno
1128 2179 1316 2250 equo
1344 2139 1589 2226 vectus
1627 2153 1920 2252 aufugit.
1957 2159 2045 2226 Et
2070 2169 2149 2225 ut
2196 2179 2271 2224 se
2313 2154 2575 2225 Karolo
2604 2179 2753 2224 non
2781 2154 3027 2226 favisse

877 2283 1339 2360 monstraret,
1377 2269 1492 2360 ,ad
1541 2295 1743 2368 reges
1794 2296 1944 2342 sese
1993 2269 2331 2359 contulit,
2381 2286 2451 2341 et
2499 2295 2541 2340 a
2578 2286 2787 2341 tanta.
2809 2273 3029 2370 suspi-

875 2387 1073 2458 tione
1098 2388 1450 2486 purgavit.
1485 2387 1971 2460 Arbitrabatur
1996 2389 2189 2459 enim
2216 2387 2563 2486 quasdam
2590 2387 3029 2485 conjecturas

875 2528 1087 2601 posse
1134 2528 1178 2575 a
1229 2503 1861 2604 calumniatoribus
1914 2503 2227 2602 confingi
2248 2559 2267 2596 ‚
2308 2506 2451 2576 acsi
2502 2505 2654 2604 ipse
2703 2505 3031 2606 capiendi

878 2623 1438 2721 oportunitatem
1488 2636 1827 2722 parasset.
1871 2623 2013 2710 Qui
2050 2637 2415 2722 susceptus
2460 2647 2505 2695 a
2537 2648 2739 2719 rege,
2780 2638 3027 2723 utpote

877 2738 1232 2813 fidelitatis
1255 2755 1650 2830 exsecutor,
1691 2764 1843 2810 non
1880 2740 2157 2812 minore
2184 2740 2405 2835 gratia
2438 2739 2722 2811 habitus
2750 2757 2877 2812 est.

1866 3009 2017 3061 XXI.

978 3172 1252 3240 Interea
1291 3168 1524 3266 rigore
1565 3168 1853 3241 hiemali
1901 3170 2143 3267 elapso
2159 3222 2178 3259 ,
2220 3193 2387 3240 cum
2422 3193 2584 3241 aere
2610 3171 2873 3241 mitiori
2914 3196 3035 3243 ver

882 3286 1096 3357 rebus
1135 3285 1511 3377 arrideret,
1545 3302 1618 3359 et
1650 3302 1853 3386 prata
1881 3303 2095 3385 atque
2130 3310 2423 3384 campos
2460 3287 2807 3360 virescere
2850 3288 3033 3359 face-

885 3412 1024 3487 ret,
1053 3422 1254 3494 reges
1280 3397 1590 3469 exercitu
1620 3397 1921 3470 collecto
1951 3396 2203 3468 urbem
2230 3396 2639 3495 praedictam
2668 3422 2835 3468 cum
2872 3415 3034 3469 octo

889 3515 1175 3588 milibus
1215 3518 1518 3614 aggressi
1562 3532 1753 3589 sunt.
1804 3521 2067 3609 Casu-a.
2083 3515 2407 3614 inprimis
2450 3540 2701 3613 aggere
2738 3532 2812 3589 et
2856 3517 3037 3589 fossa

886 3635 1242 3707 muniunt.
1287 3634 1462 3707 Inde
1498 3636 1882 3707 exstruitur
1916 3636 2097 3706 aries
2132 3632 2357 3703 muris
2394 3632 2799 3731 frangendis
2834 3634 3038 3707 obni-

887 3776 1116 3824 surus.

1535 4032 1718 4085 xxn.
1744 4062 1817 4075 ——
1838 4034 2167 4105 Compositio
2190 4034 2382 4087 arietis.

987 4194 1204 4290 Cujus
1260 4194 1662 4266 machinam
1715 4220 1799 4265 ex
1848 4208 2157 4289 quatuor
2205 4195 2399 4264 mirae
2445 4191 2937 4288 grossitudinis
2974 4208 3042 4263 et

891 4310 1352 4407 longitudinis
1414 4310 1729 4383 trabibus
1785 4310 2201 4407 longilatero
2256 4327 2563 4384 scemate
2622 4322 3035 4398 erexerunt,
