3459 5375
1022 596 1146 660 274
1753 592 2088 658 menam
2129 590 2282 659 Lm.
2329 596 2438 657 lv.

1020 724 1465 819 relaxandos,
1500 727 1701 827 juxta
1741 725 1944 827 quod
1971 728 2316 828 scriptum
2341 741 2496 803 est:
2551 728 2936 804 Consilium
2967 757 3018 803 a
3037 758 3146 805 sa-

1005 846 1250 943 pienoe
1268 847 1629 944 perquire.
1675 842 1947 917 Placuit
1968 869 2259 943 quoque
2293 844 2577 936 sanciri,
2605 846 2666 919 si
2698 844 2874 946 quid
2895 871 2940 919 a
2961 872 3146 950 papa

1016 964 1339 1035 Romano
1374 974 1624 1033 contra
1652 972 1941 1059 patrum
1977 958 2266 1035 decreta
2302 977 2824 1059 suggereretur,
2865 986 3142 1039 cassum

1011 1094 1085 1153 et
1111 1080 1386 1151 irritum
1436 1076 1617 1167 fieri,
1663 1078 1864 1173 juxta
1900 1078 2100 1177 quod
2143 1078 2507 1177 apostolus
2558 1080 2690 1152 ait:
2739 1080 3138 1154 Her-aticum

1008 1196 1359 1267 honu’toem
1397 1208 1471 1265 et
1509 1192 1599 1265 ab
1634 1192 1932 1265 ecclesia
1980 1192 2523 1282 dtis-sentientem,
2562 1196 2854 1292 penitus
2881 1193 3130 1269 deus‘ta.

1006 1316 1149 1383 Nec
1174 1312 1412 1383 minus
1436 1309 1962 1382 abdicationem
1996 1309 2267 1382 Amulfi
2309 1324 2383 1383 et
2411 1312 2946 1410 promotionem
2971 1316 3138 1385 Ger-

997 1426 1207 1517 berti,
1244 1441 1462 1526 prout
1481 1424 1574 1498 ab
1599 1426 1699 1499 eis
1722 1424 2061 1498 ordinatae
2078 1440 2150 1499 et
2172 1442 2474 1526 peractae
2508 1444 2764 1519 essent,
2785 1444 3128 1529 perpetuo

994 1543 1264 1643 placuit
1292 1542 1585 1635 sanciri,
1621 1542 1823 1639 juxta
1857 1542 2056 1641 quod
2079 1542 2158 1615 in
2199 1542 2598 1617 canonibus
2636 1545 2980 1645 scriptum
3003 1545 3128 1619 ha-

990 1657 1247 1731 betur:
1280 1655 1546 1729 Sinodo
1574 1656 2010 1755 provinciali
2027 1672 2390 1745 statutum,
2427 1683 2478 1731 a
2501 1658 2700 1731 nullo
2731 1675 2988 1735 oenoere
3027 1660 3128 1731 la-

988 1772 1502 1873 hessionum.

1324 1996 2053 2072 xc,—1mpetm·0donio
2079 2009 2134 2053 et
2163 1996 2457 2053 Falconis*
2487 1998 2624 2055 inter
2651 2000 2780 2055 κ’.

1078 2170 1228 2243 Hac
1280 2181 1697 2268 tempestate
1757 2164 1950 2239 bella
2001 2164 2233 2239 civilia
2289 2182 2614 2266 reparata
2679 2180 2868 2241 sunt.
2934 2174 3114 2244 Cum

976 2288 1171 2361 enim
1212 2287 1661 2359 tirannorum
1708 2282 1981 2356 insidiis
2031 2280 2309 2355 odonis
2332 2297 2406 2356 et
2452 2282 2782 2357 Fulconis
2816 2284 2910 2359 de
2947 2290 3112 2361 Brit·

974 2406 1181 2479 tanioe
1215 2403 1617 2503 principatu
1652 2402 1805 2473 rixa
1835 2414 2254 2497 resurgeret,
2299 2398 2434 2471 illis
2478 2399 2978 2476 dissidentibus
3005 2430 3108 2479 re-

972 2521 1149 2620 liqui
1188 2521 1402 2593 etiam
1452 2542 1840 2617 regnorum
1876 2517 2235 2616 principes
2278 2518 2456 2589 moti
2498 2517 2914 2593 dissensere.
2967 2524 3105 2595 Rex

970 2632 1299 2714 Fulconis
1321 2651 1557 2738 partes
1590 2634 1890 2726 tutabat,
1945 2631 2112 2707 Odo
2151 2656 2452 2706 suorum
2485 2658 2769 2708 necnon
2807 2650 2882 2712 et
2919 2638 3102 2737 pira·

968 2771 1199 2828 tarum
1240 2757 1404 2854 qui,
1434 2778 1601 2852 rege
1639 2751 1922 2824 deserto
1941 2804 1962 2841 ,
1996 2750 2090 2823 ad
2113 2775 2190 2824 se
2225 2751 2676 2840 transierant,
2725 2755 3104 2851 Aquitano-

966 2857 1271 2972 rumque
1304 2873 1527 2972 copiis
1570 2869 1790 2941 fretus
1831 2865 2229 2940 incedebat.
2291 2865 2500 2942 Unde
2543 2867 2760 2941 Fulco
2793 2871 2870 2942 in
2915 2871 3102 2945 Odo-

966 3015 1133 3064 nem
1156 3013 1493 3090 praeceps,
1536 2987 1688 3085 ejus
1733 2999 1998 3058 terram
2031 2981 2548 3084 depopulatur,
2597 2999 2669 3058 et
2703 3001 2870 3085 post
2905 2988 2982 3058 in
3019 3011 3100 3061 ea

964 3129 1114 3177 non
1138 3103 1393 3204 procul
1433 3102 1525 3176 ab
1552 3101 1730 3174 urbe
1757 3099 2108 3173 Turonica
2135 3099 2486 3199 oppidum
2515 3100 2532 3138 ⁸
2572 3102 2864 3175 exstruit
2887 3118 3098 3202 atque

962 3220 1226 3311 munit;
1256 3217 1496 3326 copias
1532 3215 1774 3316 ponit3
1821 3213 2160 3288 militibus
2199 3213 2485 3314 implet3
2531 3229 2604 3287 et
2625 3217 2794 3314 quia
2818 3215 2914 3289 ad
2957 3217 3096 3292 boc

960 3334 1393 3410 diruendum
1432 3333 1767 3406 Odonem
1801 3329 2274 3405 adventurum
2309 3329 2662 3428 sperabat,
2691 3356 2936 3430 regem
2967 3359 3090 3433 pe-

960 3455 1089 3546 tiit,
1118 3451 1374 3526 auxilia
1407 3449 1935 3549 imploraturus.
1978 3446 2111 3519 Cui
2147 3471 2314 3518 cum
2341 3469 2468 3518 rex
2509 3447 2849 3520 auxilium
2887 3447 3090 3547 polli-

958 3583 1260 3658 ceretur,
1317 3565 1779 3639 obstinatiore
1827 3563 2066 3635 animo
2119 3559 2495 3640 ferebatur.
2561 3565 2806 3660 Itaque
2853 3563 3088 3662 copias

955 3700 1206 3758 contra
1232 3683 1514 3756 hostem
1542 3703 2047 3778 congressurus
2082 3693 2323 3775 parat3
2365 3679 2749 3752 exercitum
2776 3679 3082 3778 colligit;

954 3803 1365 3901 bellumque
1400 3797 1641 3873 Odoni
1659 3797 1930 3870 indicit.
1964 3791 2153 3886 odo,
2195 3793 2476 3894 pudore
2517 3811 2767 3888 tactus,
2807 3822 2852 3870 a
2875 3798 3086 3872 Gallis

954 3919 1181 4018 Belgis
1228 3917 1543 3992 subsidia
1594 3916 1798 4017 petit.
1849 3915 1924 3986 Si
1965 3911 2225 4005 adsint,
2275 3913 2568 4012 gratiam
2619 3937 2774 3986 sese
2813 3940 3081 3988 recom-

949 4052 1412 4138 pensaturum
1432 4033 1764 4135 spondet.
1796 4029 1904 4104 nli
1936 4029 2315 4104 liberaliter
2337 4046 2689 4125 annuunt,
2719 4029 3074 4132 fidemque

1016 4283 1049 4316 ⁴·
1081 4293 1231 4354 petus
1252 4318 1269 4346 ,
1298 4280 1355 4332 in
1370 4317 1389 4346 ,
1414 4297 1469 4331 se
1490 4275 1696 4330 abscisa.
1723 4277 1744 4344 (
1765 4273 1847 4326 32⁶0
1869 4273 2052 4346 Perez.)

1018 4369 1035 4400 ἱ
1074 4377 1297 4418 castrum
1332 4380 1479 4434 supra
1498 4361 1663 4432 posito
1684 4356 1945 4430 oppidum
1969 4355 2146 4411 code-t.
