3459 5375
938 620 979 681 4
1647 620 1979 682 RICHERI
2023 622 2173 682 LlB.
2224 622 2341 687 111.

939 754 1272 851 Remigii,
1329 752 1454 826 ubi
1497 767 1698 853 pater
1741 778 1911 826 suus
1960 753 2344 827 tumulatus
2387 780 2555 828 cum
2596 755 2749 829 aliis
2792 760 3071 858 regibus

933 870 1230 971 sepultis
1287 870 1717 969 quiescebat.
1790 874 2225 969 Creatusque
2282 897 2409 945 rex
2427 926 2448 965 ,
2514 899 2556 948 a
2615 890 2840 948 matre
2898 880 3073 950 Ger-

932 986 1148 1087 berga
1183 988 1536 1086 simulque
1563 1003 1637 1061 et
1657 986 2097 1088 principibus
2124 988 2553 1061 Laudunum
2576 991 2594 1027 ¹
2612 1044 2633 1083 ,
2671 990 2797 1064 ubi
2822 1018 2911 1065 ex
2944 1019 3071 1066 an-

933 1107 1136 1203 tiquo
1167 1106 1358 1203 regia
1393 1130 1546 1178 esse
1579 1104 1785 1177 sedes
1810 1103 2237 1197 dinoscitur,
2278 1129 2537 1203 magna
2569 1132 2809 1181 rerum
2844 1110 3069 1183 ambi-

927 1224 1126 1296 tione
1170 1222 1452 1295 inclitus
1495 1220 1895 1293 deducitur.
1962 1226 2125 1293 Dux
2171 1222 2511 1295 continue
2547 1223 2612 1296 ei
2654 1224 3067 1298 individuus

927 1340 1225 1432 assidet3
1274 1354 1346 1412 et
1393 1338 1488 1410 ad
1537 1338 1835 1412 multam
1879 1340 2063 1438 regis
2118 1339 2693 1413 benevolentiam
2720 1343 3065 1441 ‚animum

923 1456 1302 1530 intendens
1327 1510 1348 1549 ,
1429 1471 1813 1555 postquam
1876 1455 2231 1554 principes
2300 1458 2375 1526 in
2436 1479 2565 1529 sua
2632 1436 3015 1532 discessere
3040 1514 3060 1549 ,

921 1575 1211 1673 privatis
1263 1600 1430 1645 cum
1479 1598 1645 1671 rege
1695 1570 2075 1670 colloquiis
2125 1570 2569 1643 coutebatur.
2651 1578 2739 1645 Et
2790 1590 2870 1647 ut
2919 1601 3069 1648 suae

918 1690 1273 1765 fidelitatis
1305 1692 1643 1764 virtutem
1675 1690 1961 1789 penitus
1995 1687 2517 1760 demonstraret
2532 1741 2553 1780 ,
2606 1714 2846 1787 regem
2881 1693 3071 1789 ejus-

918 1834 1060 1907 que
1093 1824 1397 1883 matrem
1433 1832 1596 1880 suas
1629 1806 1845 1879 urbes
1881 1822 1953 1878 et
1996 1803 2264 1905 oppida
2310 1804 2384 1876 in
2423 1819 2570 1879 tota
2604 1809 2927 1881 Neustria
2964 1811 3070 1882 vi-

917 1948 1070 1997 sere
1105 1924 1317 2023 petit,
1371 1922 1811 2019 obtinetque.

1937 2092 2044 2145 111.

1010 2203 1403 2279 Deducitur
1449 2226 1620 2298 ergo
1664 2224 1708 2273 a
1754 2200 1937 2273 duce
1981 2226 2103 2273 rex
2149 2224 2317 2280 cum
2365 2215 2591 2272 matre
2639 2200 2881 2300 regina
2922 2226 3064 2301 per

911 2322 1310 2395 Neustriam
1327 2374 1346 2412 ,
1405 2344 1488 2392 ac
1541 2318 1634 2391 ab
1686 2342 1774 2390 eo
1829 2317 2323 2390 decentissime
2365 2318 2711 2416 excipitur
2756 2319 3011 2391 Parisii
3034 2373 3055 2412 ,

911 2432 1300 2507 Aurelianis
1316 2486 1336 2522 ,
1401 2430 1694 2503 Carnoti
1712 2484 1733 2519 ,
1788 2429 2091 2501 Turonis
2110 2482 2130 2519 ‚
2199 2426 2403 2501 Bleso
2422 2482 2441 2520 ,
2495 2428 2790 2527 aliisque
2838 2454 3071 2526 quam

907 2547 1232 2647 plurimis
1277 2547 1616 2620 Neustriae
1664 2544 1965 2617 urbibus
2017 2544 2468 2644 oppidisque.
2545 2546 2722 2617 Inde
2767 2572 3069 2645 quoque

907 2689 1075 2738 cum
1127 2664 1438 2737 exercitu
1492 2664 1568 2735 in
1611 2662 2061 2761 Aquitaniam
2112 2661 2458 2735 feruntur.
2504 2666 2630 2756 Et,
2679 2664 3069 2762 praemissis

905 2782 1151 2880 legatis
1165 2836 1187 2873 ‚
1228 2806 1397 2854 cum
1423 2780 1799 2854 Wilelfnus
1832 2780 2166 2879 princeps
2198 2803 2574 2852 occurrere
2600 2779 2823 2851 nollet
2840 2831 2861 2871 ,
2904 2780 3071 2853 Pic-

909 2900 1129 2972 tavim
1172 2897 1632 2990 adoriuntur,
1685 2897 2086 2997 principem
2119 2895 2219 2968 ibi
2256 2921 2409 2970 esse
2444 2897 2601 2968 rati.
2660 2899 2843 2968 Cum
2878 2921 3065 2994 ergo

909 3017 1254 3089 exercitus
1295 3014 1912 3088 vehementissime
1960 3013 2216 3086 urbem
2268 3028 2599 3086 attereret
2618 3065 2639 3104 ,
2695 3027 2769 3085 et
2810 3011 3067 3086 diutis-

909 3127 1086 3198 sime
1141 3150 1457 3225 pugnam
1515 3124 1809 3196 urbanis
1869 3123 2193 3214 inferret,
2261 3149 2305 3195 a
2360 3121 2803 3220 quibusdam-
2847 3124 3065 3220 regiis

907 3257 1220 3314 castrum
1289 3253 1544 3314 sanctae
1619 3239 2071 3337 Radegundis
2146 3237 2308 3310 urbi
2384 3240 2801 3336 contiguum
2862 3237 3067 3311 clan-

908 3359 1185 3432 destina
1217 3358 1602 3457 irreptione
1637 3372 1927 3455 captum
1962 3371 2176 3453 atque
2206 3379 2631 3427 succensum
2658 3369 2789 3426 est.
2843 3359 3065 3426 Com-

907 3491 1115 3575 perto
1150 3499 1322 3548 vero
1366 3474 1769 3573 principem
1810 3497 1961 3544 non
2007 3472 2255 3544 adesse
2269 3525 2290 3564 ,
2340 3471 2633 3544 tandem
2676 3486 2840 3570 post
2872 3469 3065 3543 duo·

909 3617 1072 3665 rum
1106 3592 1458 3665 mensium
1484 3588 1670 3682 dies,
1711 3589 1941 3662 victus
1973 3587 2365 3686 indigentia
2392 3589 2698 3660 exercitu
2734 3585 3056 3684 fatigatO,

909 3709 1004 3782 ab
1039 3707 1413 3782 obsidione
1447 3705 1860 3782 disceditur.

1928 3851 2031 3903 lv,

1004 3961 1374 4034 Wilelmus
1399 3986 1571 4033 vero
1611 3963 1960 4033 Arverniae
2017 3960 2194 4032 fines
2230 3957 2663 4058 perlustrans
2682 4011 2703 4047 ‚
2748 3979 2906 4054 quae
2946 3973 3069 4030 est

913 4079 1296 4176 Aquitaniae
1335 4103 1499 4177 pars
1517 4133 1536 4167 ,
1579 4077 1670 4150 ab
1704 4076 1990 4177 oppidis
2024 4076 2281 4148 milites
2315 4072 2701 4166 educebat,
2752 4071 2845 4146 ad
2873 4099 3066 4174 pug-

909 4221 1077 4268 nam
1132 4197 1517 4268 exercitum
1573 4195 1931 4294 colligens.
2003 4192 2462 4292 Collectoque
2505 4192 2580 4264 in
2630 4215 2871 4288 regem
2916 4188 3066 4260 fer·
3176 4259 3188 4270 ,

979 4393 995 4424 ¹
1031 4391 1245 4445 laudum
1271 4409 1396 4442 corr.
