3459 5375
936 498 1059 561 306
1676 490 2008 553 RICHERI
2052 489 2203 553 Lm.
2253 489 2364 550 lv.

936 654 1023 703 ex
1082 628 1406 701 Ati-ioano
1458 642 1530 699 et
1579 622 1925 699 Toletano
1973 624 2289 697 conciliis
2355 624 2735 697 asserebat.
2791 627 2930 698 Sed
2987 652 3076 699 ne

937 745 1210 817 domno
1248 768 1451 847 papae
1490 744 1789 815 omnino
1831 743 2038 814 reniti
2066 741 2452 831 videretur,
2489 768 2530 815 a
2567 742 2942 815 missarum
2967 768 3078 816 ce-

934 860 1327 935 lebratione
1354 884 1503 933 sese
1536 874 1975 933 cessaturum
2003 882 2226 956 usque
2260 859 2334 931 in
2362 858 2656 945 alteram
2685 860 2702 895 ⁸
2741 860 3076 931 sinodum

934 976 1346 1078 spopondit.
1376 981 1464 1049 Et
1484 978 1720 1051 statim
1741 977 1855 1048 his
1881 976 2084 1049 dictis
2119 1000 2390 1048 sessum
2417 979 2681 1050 reversi
2707 992 2895 1049 sunt.

1897 1194 2071 1247 cvn.

1032 1358 1308 1447 Quibus
1347 1356 1885 1431 considentibus
1909 1355 2374 1430 virdunensis
2405 1358 2782 1458 episcopus
2820 1358 3076 1430 iterum

936 1504 1259 1578 surgenS,
1302 1504 1392 1553 eo
1428 1479 1629 1578 quod
1654 1481 1894 1552 sinodi
1929 1480 2275 1578 interpres
2313 1480 2732 1573 habebatur,
2769 1479 2863 1552 ad
2899 1480 3078 1555 alios

938 1598 1064 1696 qui
1106 1598 1609 1697 episcoporum
1642 1597 1945 1671 consilio
1983 1621 2134 1670 non
2183 1598 2560 1671 interfuere
2577 1652 2598 1689 ,
2647 1598 2748 1669 sic
2792 1598 3082 1670 ooncio·

938 1729 1147 1787 natus
1176 1715 1316 1786 ait:
1347 1744 1387 1783 «
1410 1714 1809 1803 Quoniam,
1843 1742 1881 1781 »
1919 1714 2276 1812 inquiens,
2303 1746 2340 1783 «
2369 1714 2512 1787 hoo
2549 1714 2746 1787 unde
2782 1714 2901 1787 hic
2937 1716 3080 1813 agi-

942 1860 979 1901 t<
1022 1845 1164 1922 tur,
1194 1829 1485 1903 diffinini
1512 1854 1709 1903 nuno
1735 1855 1884 1903 non
1917 1846 2192 1931 potest,
2235 1856 2324 1905 eo
2351 1832 2553 1929 quod
2585 1834 3084 1905 controversiae

942 1974 980 2017 «
1016 1972 1185 2049 pars
1221 1948 1440 2021 altera
1490 1946 1734 2021 deficit
1751 2004 1772 2039 ‚
1807 1948 2042 2047 placet
2091 1949 2204 2020 his
2257 1948 2546 2022 domnis
2595 1948 2956 2048 episeopis
3001 1964 3084 2019 ut

942 2091 979 2133 κ
1020 2064 1228 2137 vobis
1278 2063 1810 2137 demonstretur
1825 2118 1846 2155 ,
1907 2066 2254 2164 presentis
2313 2065 2606 2139 rationis
2656 2090 2946 2139 oausam
3003 2066 3078 2137 in

943 2211 979 2249 α
1020 2180 1217 2253 aliud
1272 2196 1551 2280 tempus
1599 2180 2163 2254 transferendam
2179 2235 2198 2273 ,
2249 2198 2331 2255 ut
2386 2182 2486 2255 ibi
2543 2183 2667 2281 qui
2717 2182 3076 2273 intendat,

942 2327 979 2367 e<
1023 2314 1097 2371 et
1116 2299 1239 2397 qui
1266 2298 1535 2371 refellat
1558 2313 1723 2371 ante
1739 2298 2061 2395 judicem
2081 2300 2471 2372 consistant
2485 2352 2506 2387 ,
2533 2316 2614 2371 ut
2637 2297 3082 2397 singulorum

942 2445 978 2482 «
1016 2414 1335 2515 partibus
1364 2415 1691 2488 discussis
1705 2470 1724 2505 ,
1757 2416 1928 2487 recti
1955 2414 2203 2513 judicii
2241 2417 2640 2516 proferatur
2673 2442 3000 2489 censura.
3038 2446 3073 2483 υ

938 2530 1045 2605 Ab
1084 2532 1419 2605 omnibus
1471 2533 1892 2605 oonoeditur
1931 2548 2005 2605 et
2048 2532 2402 2608 laudatur.
2449 2534 2857 2607 Destinatur
2907 2558 3077 2631 ergo

936 2647 1153 2722 locus
1168 2650 1402 2723 Remis
1436 2649 1631 2750 apud
1669 2649 2092 2723 ooenobium
2123 2650 2646 2724 monachorum
2681 2650 2907 2723 sancti
2949 2653 3080 2724 Re-

938 2768 1132 2864 migii
1150 2821 1170 2857 ,
1222 2781 1505 2867 tempus
1554 2792 1849 2866 quoque
1903 2768 2022 2841 die
2069 2771 2142 2840 8.
2203 2784 2370 2866 post
2413 2768 2650 2840 natale
2693 2768 2920 2840 sancti
2967 2773 3082 2840 Jo-

932 2883 1195 2956 hnnnis
1235 2884 1578 2984 baptistoe.
1624 2884 1902 2975 Quibus
1945 2885 2347 2958 constitutis
2387 2900 2460 2956 et
2501 2885 2742 2975 dictis,
2783 2884 3083 2957 sinodus

937 2999 1167 3074 soluta
1202 3017 1330 3076 est.

1010 3459 1243 3510 Historiae
1264 3455 1393 3524 finis
1424 3461 1477 3510 in
1510 3475 1693 3510 sumna
1714 3460 1912 3531 pagina
1949 3459 2055 3513 ὅδ’.
2083 3464 2144 3510 In
2175 3461 2370 3531 pagina
2397 3459 2482 3511 ὅθ’
2520 3457 2622 3510 alia
2647 3477 2796 3510 mnu
2835 3459 2950 3510 δια
2983 3459 3078 3512 Sil·

938 3549 1084 3600 κιο-ἰ
1108 3553 1185 3602 11.
1216 3546 1433 3620 epistola
1447 3587 1465 3609 ,
1485 3550 1679 3620 pagina
1700 3545 1784 3600 5⁵1¹
1811 3547 2001 3600 duum
2024 3549 2217 3600 notitia
2249 3547 2442 3622 aliquot
2480 3565 2630 3600 manu
2665 3548 2858 3600 melnen·
2891 3551 3083 3621 πῆμα

928 3637 1181 3710 leguntur,
1224 3659 1335 3712 quc
1366 3659 1465 3712 pm
1476 3638 1812 3707 fundamento
1833 3641 1995 3712 open's
2020 3637 2253 3710 exigendi
2279 3637 2518 3692 habenda
2545 3657 2648 3692 esse
2671 3636 2941 3700 videtum,-
2967 3651 3082 3690 sunt

938 3743 1099 3782 autem
1122 3731 1197 3782 hoe
1223 3749 1243 3781 .·

1032 3887 1383 3980 Tempore
1437 3897 1699 3956 statuto
1720 3936 1740 3973 ,
1795 3883 2171 3956 Silvanecti
2219 3883 2515 3956 sinodus
2577 3885 3080 3984 episcoporum

937 3997 1232 4069 collecta
1281 4013 1419 4088 est,
1452 3998 1587 4069 'ubi
1640 4001 1854 4069 etiam
1909 3999 2098 4071 inter
2129 3998 2558 4071 Gerbertum
2603 4013 2668 4070 et
2715 3997 3081 4069 Arnulfum

1014 4251 1026 4272 “
1069 4243 1280 4302 alti-fam
1314 4249 1425 4302 cod.
