3459 5375
896 538 975 597 86
1604 539 1936 601 RICHERI
1980 540 2129 603 LIB.
2177 541 2293 600 111.

893 669 1064 739 catis
1098 668 1157 739 si
1188 671 1312 765 qui
1352 670 1583 743 forte*
1639 672 2144 762 abscesserant,
2177 696 2562 770 regnorum
2588 673 3028 815 principibus

894 784 965 854 in
1002 810 1229 858 unum
1254 782 1599 879 collectiS,
1633 814 1878 861 coram
1905 791 2006 861 sic
2043 791 2320 862 locutus
2355 804 2508 860 est.

1383 1008 1639 1094 Lxxm.
1660 1072 1735 1083 -
1752 1042 1936 1129 oratiq
1947 1042 1982 1077 ⁴·
2006 1042 2214 1094 ononis
2235 1040 2302 1094 ad
2319 1042 2352 1077 ³*
2377 1060 2515 1093 suos.

996 1217 1031 1255 «
1074 1190 1231 1259 Non
1256 1188 1348 1259 ab
1379 1214 1481 1278 re,
1504 1190 1636 1260 viri
1660 1189 1856 1281 clari,
1879 1188 2024 1260 huc
2044 1214 2175 1259 vos
2196 1188 2612 1261 convenisse
2633 1188 2852 1261 volui.
2883 1191 3026 1261 Vir·

900 1333 935 1371 «
976 1319 1092 1375 tus
1112 1320 1337 1376 vestra
1354 1306 1963 1403 suggessitavobis
1980 1304 2357 1377 consilium
2375 1320 2724 1403 expetere,
2749 1332 2933 1405 quos
2958 1322 3030 1379 et

900 1450 936 1489 «
976 1423 1342 1517 ingenium
1364 1422 1681 1513 decorat,
1706 1438 1781 1495 et
1802 1424 2022 1494 animi
2044 1424 2264 1494 virtus
2278 1424 2638 1498 informat.
2661 1428 2802 1496 Nec
2828 1424 3031 1497 dubi-

900 1567 938 1606 «
978 1541 1119 1609 tavi
1146 1564 1261 1611 me
1288 1555 1784 1638 suscepturum
1801 1565 1842 1611 a
1863 1539 2068 1611 vobis
2089 1541 2342 1637 optimi
2361 1540 2636 1613 consilii
2651 1537 3024 1630 rationem,

902 1683 939 1723 «
979 1680 1146 1726 cum
1172 1655 1263 1726 ab
1290 1657 1532 1727 animo
1556 1680 1705 1727 non
1730 1657 2135 1746 excesserit,
2163 1672 2434 1754 quanto
2461 1658 2702 1728 animo
2723 1712 2742 1749 ,
2767 1673 3034 1754 quanta

902 1800 938 1840 «
978 1772 1238 1845 virtute
1301 1773 1373 1843 in
1427 1770 1569 1843 fide
1622 1772 1966 1845 hactenus
2015 1774 2428 1871 perstitistis.
2494 1777 2671 1846 Ante
2725 1773 2861 1845 hac
2903 1776 3032 1845 viri

903 1902 948 1957 α·
980 1888 1391 1981 clarissimi,
1417 1890 1686 1987 ingenti
1711 1890 1968 1961 virtute
2008 1914 2144 1989 pro
2181 1891 2471 1988 egregiae
2499 1874 2730 1962 laudis
2754 1887 3035 1961 honore
3087 1951 3090 1954 .

900 2036 937 2075 «
979 2022 1051 2080 et
1084 2004 1307 2104 gloria
1333 2008 1707 2105 sategistis,
1742 2033 1910 2079 cum
1946 2023 2018 2081 et
2051 2008 2348 2079 consilio
2376 2007 2685 2099 clari,'et
2708 2006 2900 2079 bello
2934 2008 3037 2079 in-

904 2154 938 2192 «
968 2126 1145 2197 -victi
1172 2126 1540 2198 enituistis.
1569 2130 1774 2197 Nunc
1786 2110 2077 2223 quoque
2103 2126 2356 2224 eadem
2377 2127 2634 2217 virtute
2657 2125 3031 2198 nitendum

905 2272 942 2311 α
983 2258 1090 2315 est
1107 2297 1125 2334 ,
1175 2266 1270 2315 ne
1309 2242 1505 2323 laudi
1546 2244 1838 2341 egregiae
1873 2245 2096 2344 turpis
2138 2242 2428 2315 infamia
2471 2242 2826 2315 succedat.
2871 2244 3031 2339 Eni-

904 2390 939 2427 «
980 2360 1212 2431 timini
1246 2384 1416 2457 ergo
1454 2384 1587 2457 pro
1631 2360 1897 2431 viribus
1917 2415 1936 2447 ‚
2009 2375 2080 2433 et
2123 2362 2180 2433 si
2225 2360 2399 2458 quid
2447 2358 2821 2433 dedecoris
2863 2385 3031 2432 con-

904 2506 939 2545 α
983 2476 1323 2566 traxistiS,
1376 2500 1419 2547 a
1470 2491 1665 2548 tanta
1710 2476 2128 2549 claritudine
2197 2460 2608 2549 amoveatis
2673 2481 2834 2549 Non
2905 2500 3036 2549 vos

906 2622 942 2661 α
979 2590 1154 2664 ,latet
1174 2646 1193 2683 ,
1238 2593 1417 2691 fugae
1458 2592 1924 2690 ignominiam
1968 2618 2009 2665 a
2045 2592 2381 2667 Lothario
2429 2618 2662 2691 nuper
2706 2618 2842 2665 nos
2879 2618 3036 2692 per·

906 2741 941 2778 α
987 2711 1248 2783 tulisse.
1284 2714 1519 2798 Quam
1557 2736 1707 2782 non
1743 2710 1980 2782 solum
2004 2709 2196 2782 bello
2215 2764 2234 2801 ,
2261 2709 2390 2782 sed
2430 2711 2643 2782 etiam
2669 2724 2902 2782 morte
2933 2733 3038 2782 re·

904 2857 941 2894 α
983 2825 1247 2924 pellere
1266 2881 1285 2917 ,
1330 2842 1403 2898 et
1438 2842 1748 2899 vestram
1801 2825 2298 2899 claritudinem
2337 2826 2540 2898 decet
2561 2879 2581 2915 ‚
2645 2840 2720 2897 et
2755 2841 3037 2924 tempus

908 2971 945 3012 «
984 2944 1305 3043 exposcit
1326 2999 1345 3036 ,
1390 2943 1683 3016 facultas
1724 2943 1938 3015 etiam
1991 2943 2393 3041 persuadet.
2443 2944 2518 3014 Si
2561 2943 2772 3039 igitur
2815 2943 3036 3040 magis

905 3096 940 3133 α
984 3067 1333 3166 imperare
1377 3047 1595 3165 quam
1634 3067 1896 3138 servire
1937 3066 2162 3164 parati
2199 3066 2362 3136 estis
2380 3120 2398 3157 ,
2443 3064 2621 3136 dum
2651 3077 2816 3137 aetas
2852 3065 3038 3162 viget

904 3213 939 3250 «
983 3184 1406 3282 animusque
1478 3183 1699 3274 valet,
1781 3181 1925 3254 hoc
1997 3181 2267 3253 facinus
2329 3207 2420 3253 ne
2479 3180 3028 3280 parvipendatis.

904 3331 939 3368 «
982 3303 1257 3398 Ingenti
1312 3301 1570 3394 virtute
1629 3297 1885 3373 efficite
1936 3313 2017 3370 ut
2077 3299 2226 3370 sitis
2304 3295 2709 3386 formidini,
2778 3296 3037 3394 quibus

906 3447 943 3485 α
984 3418 1329 3515 ignobiles
1365 3433 1438 3490 et
1473 3418 1726 3516 vulgus
1771 3418 2018 3489 fuistiS.
2069 3445 2104 3486 υ
2157 3421 2308 3488 Hac
2355 3417 2702 3510 sententia
2754 3413 2830 3486 id
2881 3414 3035 3487 ficri

900 3535 1234 3608 omnibus
1258 3559 1679 3634 persuasum
1702 3549 1833 3606 est.
2689 3559 2696 3564 ·

1418 3673 2499 3748 LXXIV.-Equitams**inGalliam.

998 3820 1270 3888 Interea
1328 3821 1498 3889 Otto
1557 3843 1721 3890 cum
1785 3817 2066 3914 triginta
2117 3815 2402 3888 milibus
2465 3815 2493 3852 ²
2563 3817 2885 3913 equitum
2965 3815 3039 3885 in

968 4013 1000 4047 ἣ
1034 4011 1083 4064 Ο
1098 4052 1113 4077 ,
1144 4011 1213 4064 ad
1236 4012 1441 4064 abscisa.

968 4096 1033 4132 ἦ*
1068 4097 1114 4148 E
1138 4095 1271 4148 also.

972 4181 989 4210 ¹
1030 4179 1069 4231 f.
1097 4180 1275 4232 animo
1300 4179 1479 4232 deleta.

971 4279 994 4308 ¹
1029 4275 1207 4328 XXX.
