3459 5375
950 542 1071 603 ‘266
1658 530 1992 595 Rlcnmu
2035 530 2186 593 Lm.
2237 532 2346 591 lv.

939 696 1083 769 que
1128 669 1223 742 ad
1255 670 1272 706 ⁸
1322 692 1549 739 unum
1590 664 1774 737 latus
1809 662 2260 737 obsidionem
2297 686 2430 763 per
2461 676 2726 735 teri-mn
2749 665 3060 761 ordinm

944 787 1038 863 ad
1078 788 1377 860 alterum
1409 808 1581 856 vero
1632 806 1764 881 per
1798 782 2100 879 Ligerim
2147 780 2402 854 classes
2445 782 2833 879 piratarum
2867 782 3068 857 adhi-

941 904 1064 977 bet
1090 905 1148 976 ².
1201 903 1528 1001 Undique
1554 924 1725 998 ergo
1763 897 2140 972 obsidione
2180 898 2546 997 disposita,
2590 922 2634 970 a
2665 900 2914 998 piratis
2945 928 3068 1001 per

942 1022 1293 1112 fluvium,x
1315 1044 1359 1091 a
1410 1017 1791 1090 Brittannis
1825 1038 1955 1115 per
2001 1030 2266 1089 terram
2316 1014 2598 1094 urbani*
2621 1014 3072 1091 vehementer

946 1152 1313 1235 urgentur.
1360 1139 1505 1207 Nec
1546 1134 1782 1205 minus
1819 1134 1944 1230 qui
1977 1132 2050 1203 in
2098 1154 2262 1204 arce
2295 1147 2819 1223 remanserant,
2885 1157 2930 1203 a
2961 1158 3070 1207 su-

942 1253 1339 1354 perioribus
1396 1248 1800 1347 jaculorum
1861 1248 2138 1322 diversa
2193 1271 2454 1346 genera
2519 1248 3064 1347 praecipitabant.

948 1372 1248 1468 Parique
1313 1367 1825 1467 inpugnatione
1879 1365 2328 1464 superiorum
2391 1378 2604 1461 atque
2664 1364 3076 1439 inferiorum

942 1488 1067 1586 qui
1113 1485 1334 1559 medii
1390 1499 1595 1558 erant
1650 1482 2114 1556 vexabantur.
2175 1486 2355 1553 Nam
2402 1480 2527 1579 qui
2564 1482 2640 1552 in
2682 1506 2846 1553 arce
2888 1497 2960 1553 et
3005 1484 3071 1555 in

944 1604 1321 1677 obsidione
1346 1602 1739 1692 certabant,
1771 1600 2050 1672 Conani
2081 1612 2320 1699 partes
2359 1596 2764 1670 tuebantur.
2819 1598 3076 1673 Urbani

942 1746 1113 1793 vero
1149 1744 1283 1820 pro
1323 1720 1651 1793 Fulconis
1676 1718 1975 1791 victoria
2005 1740 2303 1815 operam
2327 1710 2618 1790 dabant.
2675 1720 2824 1787 Nec
2851 1718 3076 1789 minus

938 1836 1153 1907 Fulco
1182 1836 1427 1933 copias
1458 1834 1757 1933 parabat
1780 1888 1800 1925 ,
1841 1848 1914 1905 et
1947 1832 2330 1905 exercitum
2375 1845 2523 1903 tam
2561 1830 2654 1901 de
2688 1831 2835 1902 suis
2867 1855 3076 1927 quam

943 1958 1408 2030 conducticiis
1465 1954 1964 2055 congregabat.
2042 1954 2296 2027 Audito
2341 1952 2368 1990 ⁸
2451 1976 2622 2024 vero
2705 1956 3076 2027 Conanum

947 2074 1106 2147 urbi
1128 2074 1155 2113 ⁸
1185 2074 1638 2147 obsidionem
1672 2072 2079 2149 adhibuisse
2105 2070 2132 2108 ⁸
2157 2124 2177 2162 ,
2209 2094 2378 2142 mox
2400 2068 2754 2165 legionem
2789 2071 3080 2143 Brittan-

949 2192 1085 2263 niae
1119 2191 1352 2264 infert.

1422 2386 1734 2441 LXXXIII.
1750 2416 1824 2428 —
1843 2386 2052 2439 Dolus*
2078 2384 2345 2439 Falconi*
2367 2398 2596 2457 paratus.

1048 2550 1210 2619 Erat
1258 2572 1554 2648 campus
1588 2573 1742 2621 non
1782 2546 1991 2620 valde
2027 2546 2278 2647 procul
2294 2600 2316 2639 ,
2365 2544 2812 2645 longitudine
2861 2549 2971 2621 sui
3017 2564 3084 2622 et

946 2662 1319 2737 latitudine
1366 2681 1638 2757 vastus,
1696 2664 2036 2738 filicetum
2083 2666 2158 2739 in
2211 2691 2287 2738 se
2339 2666 2728 2768 magimum
2783 2664 3074 2738 habens.

946 2783 1077 2852 Hic
1114 2785 1449 2856 Conanus
1486 2782 1731 2855 locum
1772 2782 2066 2881 gerendi
2103 2782 2274 2855 belli
2295 2785 2772 2872 constituens,
2808 2779 3084 2856 insidia-

946 2922 1107 2968 rum
1144 2897 1354 2972 dolos
1376 2899 1657 2972 infodit.
1703 2904 1884 2972 Nam
1907 2901 2126 2972 fossas
2161 2923 2380 2998 quam
2414 2899 2654 3000 plures
2689 2899 2791 2972 ibi
2831 2902 3082 2972 inmer-

944 3038 1142 3111 gens,
1174 3017 1385 3112 virgis
1420 3032 1493 3088 et
1523 3015 1908 3088 viminibus
1943 3015 2362 3116 stipulisque
2399 3041 2648 3090 earum
2693 3017 2934 3089 hiatus
2965 3017 3081 3090 de—

945 3157 1159 3230 super
1200 3134 1517 3232 operuit,
1572 3134 1762 3204 intus
1810 3132 2108 3205 surculis
2151 3132 2425 3227 defixis,
2474 3135 2600 3232 qui
2643 3136 3009 3235 superiora
3052 3135 3075 3171 ⁴

946 3250 1395 3327 ,continerent
1433 3250 1458 3286 ⁴
1498 3266 1571 3323 et
1613 3249 2042 3322 soliditatem
2075 3250 2472 3350 superficiei
2522 3251 2960 3324 simularent.
2999 3255 3081 3323 Et

948 3377 1027 3434 ut
1078 3363 1403 3437 simulata
1460 3367 1870 3465 superficies
1932 3369 2214 3470 penitus
2269 3368 2520 3442 lateret
2539 3423 2558 3460 ,
2618 3368 2883 3450 filicem
2939 3369 3080 3443 col·

947 3480 1203 3554 lectam
1238 3483 1546 3582 desuper
1584 3487 1940 3584 respersit,
1973 3486 2404 3586 insidiasque
2432 3487 2922 3561 dissimulavit.

1020 3705 1051 3734 ⁴*
1086 3705 1220 3771 Dol,
1246 3705 1303 3758 ni
1325 3705 1536 3763 abscisa.
1809 3744 1814 3753 ι

1024 3789 1037 3819 ¹
1076 3805 1173 3860 per
1198 3793 1528 3862 supraposito
1553 3791 1623 3844 ad
1651 3791 1766 3843 cod.

1020 3875 1041 3904 ²
1076 3873 1317 3928 adhibuit
1344 3893 1470 3926 corr.
1500 3875 1739 3928 adhibet.

970 4023 977 4032 .
1020 3959 1041 3988 ³
1078 3957 1302 4020 Audite,
1336 3959 1435 4011 urb
1457 3999 1471 4024 ,
1504 3959 1609 4012 adh
1638 3959 1854 4015 abscisa.

1023 4045 1041 4084 Ί
1078 4061 1205 4114 supe
1222 4081 1237 4106 ,
1264 4055 1389 4094 cont
1410 4041 1619 4095 abscisa.
