3459 5375
947 597 1070 656 250
1679 594 2011 656 RICHERI
2052 595 2204 660 mn.
2255 597 2363 658 lv.

951 755 989 796 α
1025 740 1106 797 et
1123 725 1470 825 prodesse
1490 726 1716 826 possit
1742 727 2068 800 aecclesiae
2089 729 2211 800 >cui
2244 744 2541 802 actenus
2554 727 2886 828 indignus
2908 757 3079 867 prae-

949 871 986 910 «
1027 841 1151 915 fui.
1203 847 1294 914 Et
1342 858 1422 914 ut
1481 842 1648 916 inde
1703 842 1888 915 ultra
1931 841 2205 920 nullam
2250 845 2749 976 repetitionem
2802 863 2925 920 aut
2970 851 3075 922 in-

949 989 986 1027 «
1025 959 1590 1060 terpellationem
1605 1012 1624 1049 ‚
1667 959 2081 1033 auctoritate
2123 948 2466 1034 canoniea
2496 961 2733 1034 facere
2766 963 3039 1036 valeam
3054 1019 3073 1056 ‚

949 1105 986 1143 «
1027 1098 1246 1148 manu
1272 1100 1433 1149 mea
1457 1077 1743 1174 propria
1781 1073 2229 1148 subscribens
2262 1075 2581 1149 firmavi.-
2606 1058 2771 1165 Quo
2805 1079 2903 1150 ita
2924 1102 3081 1178 per-

951 1223 986 1260 «
1029 1192 1251 1283 lecto,
1297 1193 1395 1264 ita
1437 1192 1849 1292 subscripsi.
1883 1192 2031 1290 Ego
2060 1193 2403 1266 Amulfiis
2412 1194 2783 1291 quondam
2823 1198 3079 1268 Remo·

951 1337 987 1376 «
1029 1333 1191 1380 rum
1212 1308 1783 1409 archiepiscopus
1805 1309 2203 1408 subscripsi.
2239 1307 2591 1383 »Necnon
2622 1326 2694 1383 et
2728 1309 3085 1385 adstantes

947 1424 1260 1525 episcopi
1293 1425 1384 1497 ab
1405 1449 1494 1497 eo
1530 1428 1758 1526 rogati
1793 1442 1877 1498 ut-
1892 1425 2448 1518 subscriberent‚
2476 1425 3041 1526 subscripserunt
3057 1483 3077 1519 ,

945 1521 1157 1638 atque
1197 1543 1297 1613 sic
1340 1543 1405 1614 ei
1441 1542 1965 1641 responderunt
1997 1571 2013 1614 ε
2052 1573 2088 1612 «
2122 1544 2533 1642 Secundum
2568 1543 3081 1644 professionem

957 1687 994 1726 α
1036 1673 1108 1730 et
1141 1658 1733 1758 subscriptionem
1770 1675 1969 1732 tuam
2010 1685 2205 1736 cessa
2244 1657 2336 1732 ab
2373 1659 2635 1734 officio.
2673 1689 2709 1728 n
2748 1664 2919 1731 Post
2949 1659 3081 1732 hec

952 1775 1376 1865 sacramenti
1388 1776 1551 1882 jure
1565 1775 1702 1847 hos
1719 1777 1845 1873 qui
1858 1777 1967 1848 sui
1992 1776 2272 1848 fuerant
2285 1775 2589 1850 absolvit
2604 1829 2628 1867 ,
2648 1790 2861 1874 atque
2878 1775 3083 1850 liber·

951 1903 1174 1963 tatem
1209 1891 1623 1994 transeundi
1657 1893 1731 1963 in
1760 1891 1877 1987 jus
1904 1891 2190 1964 alterius
2221 1894 2450 1965 victus
2484 1894 2855 1964 concessit.

1155 2093 1838 2184 παὶ-Περσων
1869 2111 2117 2184 Adalgeri
2142 2112 2522 2184 presbiteria*
2552 2111 2891 2184 maison„
3002 2105 3009 2113 ·

1043 2275 1238 2345 Dum
1250 2271 1387 2362 hec
1407 2273 1631 2368 multa
1647 2271 2221 2346 consideratione.
2236 2285 2673 2370 gererennu,
2700 2271 3081 2370 Adalgerus

950 2387 1298 2489 presbiter
1327 2415 1418 2463 eo
1453 2389 1649 2489 quod
1676 2391 2187 2465 communione
2219 2391 2535 2487 privatus
2578 2403 2797 2485 esset,
2836 2413 3079 2486 regum

945 2503 1247 2604 pedibus
1294 2506 1772 2604 pmvolutus,-
1801 2506 2024 2606 multa
2066 2508 2576 2605 conquestione
2619 2505 3075 2604 querebatur,

949 2624 1436 2699 communioni
1489 2639 1743 2727 petens
1788 2623 2092 2716 restitui,
2133 2624 2414 2724 parcius
2462 2621 2595 2696 sibi
2644 2621 3083 2697 inferendam

949 2765 1322 2814 censuram
1369 2756 1595 2831 ratim,
1645 2766 1735 2814 eo
1777 2740 1973 2839 quod
2008 2742 2243 2838 jussus
2289 2740 2587 2824 domino
2636 2738 3081 2839 obtempera-

946 2850 1207 2928 vissets
1229 2861 1463 2946 Quem
1495 2856 1848 2949 Amulfus,
1887 2857 2400 2929 Aurelianensis
2433 2859 2842 2957 episcopus,
2880 2856 3085 2930 ador-

849 3068 856 3075 ·
955 3002 992 3042 c<
1033 2998 1193 3048 sus:
1225 2973 1781 3072 Numquidnam
1808 3003 1844 3041 υ
1875 2971 2107 3072 inquit
2135 3004 2171 3042 «
2198 2973 2434 3070 juditii
2456 2988 2819 3072 expertem
2860 2987 2929 3046 te
2966 2988 3083 3046 tua

953 3118 989 3157 «
1033 3076 1338 3177 conficta
1381 3088 1600 3162 hodie
1640 3090 1942 3163 facient?
1984 3089 2347 3188 Numquid
2400 3106 2477 3161 tu
2526 3114 2601 3161 es
2647 3090 2771 3188 qui
2820 3087 3081 3160 Karolo

951 3206 988 3275 '«
1029 3222 1272 3340 portas
1307 3208 1678 3307 aperuisti,
1711 3206 2155 3281 et‘hostiliter
2180 3232 2349 3279 cum
2380 3204 2502 3279 illo
2526 3222 2769 3295 sancta
2806 3219 3079 3279 sancto-

951 3352 987 3391 «
1028 3349 1190 3395 rum
1230 3324 1585 3421 ingressus
1625 3348 1739 3397 es.
1721 3324 1755 3379 ἶ)
1781 3318 2145 3435 Numquid
2169 3338 2251 3395 tu
2276 3347 2352 3395 es
2395 3323 2519 3422 qui
2557 3320 3079 3395 adolescentem

951 3470 988 3508 «
1029 3464 1196 3513 cum
1216 3441 1318 3513 tui
1331 3440 1672 3512 similibus
1689 3426 2107 3565 perdidisti?
2128 3439 2485 3513 Confitere
2497 3438 3016 3512 infandissime
2998 3436 3015 3491 ¹
3040 3467 3075 3505 υ

947 3561 1112 3646 Quo
1152 3556 1681 3657 respondente:
1737 3586 1774 3626 «
1808 3562 2076 3656 Negare
2114 3581 2265 3657 non
2302 3578 2597 3655 possum
2610 3606 2633 3646 ‚
2666 3541 2702 3622 »⁸
2756 3554 2875 3627 ille
2914 3578 3079 3626 mox

943 3690 1425 3771 prosecutus:
1486 3705 1522 3743 «
1553 3680 1660 3749 An
1713 3672 1879 3747 ideo
1912 3702 1949 3743 »
2004 3674 2237 3772 inquit
2286 3704 2322 3743 «
2352 3672 2847 3748 communioni
2891 3670 3081 3743 resti·

947 3820 986 3859 α
1019 3790 1340 3869 tuendus
1364 3816 1439 3863 es
1461 3844 1481 3881 ‚
1511 3807 1596 3863 ut
1632 3790 1929 3865 domino
1967 3806 2091 3863 tuo
2128 3790 2415 3888 lugente,
2430 3842 2451 3881 ‚
2480 3805 2565 3866 tu
2582 3785 3085 3861 nefandissime

949 3936 989 3976 c<
1030 3904 1304 3980 rideas?
1338 3936 1374 3975 »
1429 3907 1747 3981 Tandem
1788 3908 2157 3981 decretum
2196 3921 2313 3999 est,
2332 3905 2648 3979 duorum
2682 3905 3085 3977 incommo-

945 4002 1209 4095 dorum
1233 4021 1647 4095 utrumlibet
1679 4022 1772 4095 ab
1798 4046 1885 4097 eo
1928 4022 2125 4120 eligi,
2166 4037 2291 4095 aut
2326 4046 2371 4094 a
2412 4018 2745 4121 gradibus
2778 4017 3073 4117 deponi,

947 4154 1072 4211 aut
1099 4150 1455 4239 perpetuo
1483 4139 1931 4213 anathemate
1956 4142 2217 4213 teneri.
2258 4140 2403 4228 Qui
2438 4137 2634 4237 apud
2670 4162 2749 4211 se
2782 4136 3077 4237 plurima

1020 4346 1050 4379 ³*
1079 4346 1221 4417 Dep,
1247 4366 1278 4399 a
1313 4365 1406 4417 gra
1440 4347 1645 4401 abscisa.
