3459 5375
966 500 1085 562 11⁴
1688 498 2022 561 RICHERI
2071 498 2220 561 LIB.
2269 498 2390 560 111.

958 628 1149 703 hinc·
1174 627 1411 727 posito
1434 681 1455 719 ,
1496 642 1568 701 et
1608 606 1832 703 illinc*
1863 626 2013 701 filio
2034 682 2054 720 ,
2113 628 2265 701 dux.
2314 630 2673 728 ceterique
2733 630 2971 707 hostes
3027 638 3094 709 in

956 746 1199 820 medlo
1236 744 1555 819 conclusi
1573 801 1592 836 ,
1632 760 1984 846 perpetuo
2011 762 2420 845 urgeantur.

1939 1647 2144 1703 xcm.
2174 1674 2186 1681 ·

1056 1811 1283 1908 Hujus
1326 1810 1623 1885 rationis
1670 1806 2054 1888 consilium
2091 1820 2476 1906 postquam
2511 1806 2663 1903 regi
2707 1820 3100 1903 suggestum

959 1945 1067 2002 est
1084 1983 1104 2021 ,
1163 1927 1358 2028 apud
1384 1924 1825 1999 Gozfredum
1865 1923 2206 1997 comitem
2245 1924 2372 2020 qui
2415 1922 2662 2003 aderat
2703 1922 3100 1997 ordinatum

956 2046 1203 2120 valuit.
1230 2050 1417 2133 Haec,
1445 2044 1629 2116 duce
1654 2045 2056 2141 ignorante,
2081 2040 2542 2139 parabantur.
2572 2045 2748 2129 Quae
2765 2066 2934 2113 cum
2951 2059 3105 2140 post

958 2162 1574 2237 animadvertisset
1595 2214 1613 2251 ,
1667 2185 1764 2233 ne
1819 2158 2110 2257 regibus
2157 2156 2314 2230 fieri
2356 2158 2721 2231 videretur
2775 2159 3095 2256 injurius,

958 2279 1471 2383 contumeliam
1494 2276 1976 2375 dissimulans,
2005 2275 2186 2347 nihil
2211 2278 2496 2379 penitus
2517 2278 2944 2377 refragratus
2975 2294 3096 2353 est.

960 2402 1239 2469 Interea
1288 2394 1605 2467 collectis
1666 2394 1870 2491 regni
1924 2389 2369 2492 principibus
2386 2446 2407 2482 ,
2477 2393 2831 2491 equitatus
2883 2395 3104 2491 regius

960 2512 1399 2614 disponitur,
1441 2511 1745 2608 insignia
1777 2511 1972 2607 regia
1995 2508 2478 2600 invehuntur-3
2511 2508 2652 2581 cibi
2689 2510 3104 2610 multiplices

948 2632 1281 2736 'apparati
1326 2634 1673 2710 'vehiculis
1730 2626 2232 2735 imponuntur.
2300 2633 2577 2722 Quibus
2642 2635 2818 2708 actis
2833 2690 2853 2727 ,
2917 2662 3105 2734 reges

964 2753 1246 2852 utrique
1296 2777 1466 2824 cum
1527 2751 1759 2829 multo
1799 2752 2138 2852 „equitatu
2186 2751 2262 2822 in
2316 2753 2772 2849 Aquitaniam
2815 2749 3106 2853 profecti

964 2885 1130 2943 sunt
1145 2925 1165 2961 ,
1217 2871 1673 2968 castrumque
1722 2867 2064 2945 Briddam
2111 2866 2315 2967 quod
2350 2883 2555 2941 vetus
2593 2867 2856 2942 dicitur
2908 2868 3106 2942 deve-

962 2999 1249 3058 nerunt.

1014 3203 1212 3258 XCIV.
1232 3233 1305 3245 -
1330 3203 1597 3260 Adelaidis
1613 3203 1646 3239 ¹*
1670 3223 1701 3257 a
1724 3202 2002 3256 Ludovico
2017 3204 2048 3240 ³*
2071 3205 2265 3276 regina
2289 3203 2348 3258 in
2363 3203 2396 3240 *¹
2425 3204 2716 3288 Aquitanis
2734 3164 3052 3278 promotio*

1688 3311 1978 3364 eorumque
2015 3293 2305 3348 divortium
2327 3293 2379 3345 ⁴¹.

1060 3473 1228 3558 Quo
1276 3493 1323 3542 a
1388 3468 1678 3570 praefata
1726 3467 2066 3568 Adelpide
2123 3468 2354 3542 multo
2422 3485 2766 3569 apparatu
2839 3470 3106 3568 excepti

962 3599 1167 3678 sunt3
1196 3601 1269 3660 et
1294 3585 1411 3662 die
1436 3577 1823 3660 constituta
1859 3585 2255 3660 rationibus
2290 3585 2786 3663 decentissime
2823 3585 3100 3678 habitis,

962 3717 1035 3774 et
1070 3729 1157 3775 ex
1184 3705 1346 3800 jure
1373 3703 1555 3776 datis
1576 3703 1974 3796 dotalibuS,
2007 3703 2428 3777 Ludovicus
2435 3729 2560 3778 rex
2595 3723 2755 3776 eam
2781 3703 2915 3778 sibi
2941 3729 3108 3778 uxo·

962 3843 1119 3892 rem
1140 3818 1545 3918 copulavit,
1584 3835 1801 3919 atque
1835 3845 2082 3894 secum
2112 3801 2538 3894 coronaturi
2567 3845 2702 3918 per
2732 3820 3106 3952 episcopos

962 3935 1037 4006 in
1061 3959 1362 4033 regnum
1387 3940 1776 4035 promovit.
1809 3943 1969 4010 Non
1999 3954 2236 4014 tamen
2277 3937 2554 4035 regium
2587 3961 2858 4011 nomen
2899 3937 3001 4010 sic
3033 3937 3104 4008 in

960 4050 1063 4122 eis
1082 4051 1324 4141 valuit,
1360 4069 1441 4124 ut
1474 4052 1828 4126 ullatenus
1851 4053 2202 4153 regnandi
2223 4052 2836 4128 dominationem
2815 4075 2891 4126 m
2915 4053 3104 4151 prin-

1032 4283 1063 4318 *
1095 4281 1211 4348 Ad,
1252 4283 1352 4350 do,
1383 4285 1472 4350 in,
1504 4286 1575 4350 ti,
1604 4303 1671 4338 vo
1698 4285 1906 4337 abscisa.
