3459 5375
995 522 1114 584 258
1716 516 2047 578 mentam
2091 517 2241 578 LlB.
2290 518 2397 578 lv.

990 653 1066 726 in
1093 651 1299 724 litore
1322 651 1556 749 primo
1591 663 1821 722 castra
1846 649 2273 748 disponunt3
2305 651 2379 722 in
2415 651 2748 724 ulteriore
2764 705 2783 742 ,
2806 657 3059 728 accitas
3089 661 3108 696 ⁴

989 771 1378 870 piratarum
1431 767 1615 840 acies
1666 767 2026 839 ordinant.
2082 772 2203 859 Et,
2256 793 2350 840 ne
2397 793 2545 867 quo
2590 771 3119 847 intercideretur

987 885 1267 960 obsidio
1281 939 1304 976 ,
1343 884 1596 956 classes
1628 899 1933 957 armatas
1972 885 2046 955 in
2078 885 2298 957 fluvio
2339 885 2891 985 circumquaque
2926 888 3120 962 adhi-

983 1005 1182 1077 bent.
1233 1009 1478 1100 ltaque
1513 1001 1776 1073 factum
1812 1001 1941 1073 fuit
1963 1055 1981 1092 ,
2048 1015 2129 1072 ut
2170 1000 2433 1073 fluviali
2476 1002 2847 1102 superficie
2888 1009 3110 1100 vecti,

981 1137 1292 1195 castrum
1335 1119 1566 1191 navali
1599 1142 1841 1217 pugna
1866 1117 2120 1190 acriter
2148 1132 2501 1215 urgerent.
2532 1123 2936 1193 Casti-enses
2970 1148 3113 1194 non
3166 1194 3179 1213 ,

979 1239 1284 1336 impares
1306 1235 1862 1335 inpugnantibus
1876 1234 2323 1325 obnituntur,
2348 1260 2483 1334 pro
2513 1234 2781 1308 viribus
2806 1253 3105 1330 certant,

977 1353 1393 1426 adversariis
1430 1351 1629 1424 nullo
1674 1350 1897 1423 modo
1939 1350 2203 1424 cedunt
2222 1405 2237 1422 .
2282 1357 2603 1450 Cumque
2642 1353 2905 1425 diutius
2948 1358 3111 1444 resi-

973 1482 1234 1542 stentes
1253 1521 1274 1560 ,
1313 1469 1716 1542 comminus
1761 1482 2194 1567 pugnarent,
2241 1493 2375 1538 nec
2422 1466 2791 1560 cederent,
2833 1471 3105 1568 postico

970 1586 1171 1685 quod
1209 1586 1498 1658 inferius
1529 1583 1813 1671 latebat,
1830 1583 2099 1655 viribus
2134 1583 2555 1657 caedentium
2593 1600 2796 1656 eruto
2816 1638 2835 1675 ,
2866 1586 3105 1685 piratae

970 1703 1256 1776 admissi
1281 1697 1447 1776 sunt
1471 1731 1492 1792 ;
1524 1717 1596 1774 et
1625 1727 1670 1774 a
1691 1716 1890 1798 tergo
1918 1702 1993 1773 in
2030 1725 2238 1772 muro
2270 1701 2749 1798 pugnantibus
2776 1727 3103 1800 superve-

964 1821 1242 1894 nientes
1258 1874 1277 1913 ,
1309 1819 1534 1892 multa
1568 1817 1760 1898 caede
1799 1819 1875 1890 in
1910 1818 2012 1891 eis
2038 1817 2401 1890 debaccati
2436 1833 2625 1892 sunt.
2667 1818 2781 1890 Sic
2816 1845 3102 1918 quoque

965 1937 1232 2012 factum
1265 1955 1378 2012 est
1395 1991 1414 2030 ,
1455 1952 1537 2028 ut
1582 1953 1656 2010 et
1691 1935 2007 2034 reliquus
2045 1936 2393 2008 exercitus
2435 1918 2511 2006 in
2541 1935 2568 1972 ²
2623 1935 2829 2008 litore
2868 1937 3101 2015 adhuc

959 2056 1342 2154 persistens
1355 2107 1376 2146 ,
1406 2053 1745 2128 classibus
1770 2051 2099 2153 pedester
2120 2052 2729 2145 intromitteretur,
2758 2069 3095 2128 castrum·

962 2198 1104 2270 que
1138 2173 1550 2272 repentinus
1581 2168 2025 2270 pervaderet.

1263 2388 1569 2442 LXXVIII.
1597 2417 1656 2427 -—
1685 2385 1981 2442 Casti-emes
1996 2390 2027 2424 θ’
2052 2387 2195 2459 capti
2218 2387 2445 2440 libertati
2463 2386 2497 2421 ¹*
2522 2386 2779 2440 dantur-⁶.

1056 2532 1112 2600 A
1146 2527 1404 2626 quibus
1443 2542 1835 2602 castrenses
1876 2527 2065 2626 eapti
2102 2541 2175 2598 et
2215 2527 2381 2598 victi
2395 2581 2415 2616 ,
2471 2551 2640 2598 mox
2688 2528 2836 2624 regi
2882 2525 3091 2600 oblati

956 2659 1140 2718 sunt.
1177 2650 1314 2717 Pro
1339 2643 1598 2744 quibus
1623 2667 1867 2717 coram
1892 2668 2058 2743 rege
2085 2643 2176 2716 ab
2201 2645 2443 2717 amicis
2470 2645 2791 2717 oratione
2814 2643 3081 2737 habita,

955 2762 1134 2834 facta
1155 2764 1304 2859 regi
1329 2760 1498 2853 fide,
1530 2760 1800 2833 dimissi
1824 2776 2012 2851 sunt,
2047 2786 2215 2833 cum
2240 2787 2389 2834 non
2414 2776 2691 2834 tantum
2714 2763 2817 2833 rei
2845 2762 3088 2859 majes-

953 2879 1114 2950 tatis
1135 2880 1337 2976 regiae
1356 2933 1374 2970 ,
1403 2893 1751 2976 quantum
1788 2879 1896 2949 sui
1929 2876 2204 2949 domini
2231 2877 2473 2951 fideles
2507 2876 2793 2949 dicendi
2819 2893 3080 2969 essent;

954 2994 1046 3068 ad
1090 2995 1165 3067 id
1211 2997 1423 3068 etiam
1463 3021 1609 3067 non
1647 2993 1961 3093 perfidiae
1996 2995 2169 3067 vitio
2190 2990 2218 3087 ,‘
2252 2996 2379 3067 sed
2416 2994 2639 3066 multa
2670 2977 2949 3066 virtute
2969 2994 3085 3087 ad-

953 3111 1206 3183 ductos
1249 3110 1672 3184 asserebant.
1713 3112 1836 3182 His
1873 3136 2040 3209 ergo
2069 3109 2400 3182 obsidum
2428 3111 2588 3207 jure
2626 3109 2930 3181 dimissis
2950 3164 2969 3201 ,
3020 3126 3086 3181 et

951 3244 1183 3301 castro
1211 3228 1507 3300 domino
1533 3230 1759 3326 priori
1794 3228 2110 3318 reddito,
2150 3227 2476 3327 proditor
2514 3227 2713 3324 cujus
2754 3226 2928 3298 dolo
2963 3226 3085 3299 hu-

941 3346 1257 3443 jusmodi
1326 3345 1795 3419 infortunium
1859 3346 2187 3437 accessit,
2254 3369 2422 3416 mox
2474 3342 3075 3443 comprehensuS,

945 3464 1332 3564 suspendio
1368 3488 1572 3535 secus
1601 3463 1811 3535 castri
1842 3478 2127 3563 portam
2162 3461 2438 3534 defecit.
2472 3465 2617 3533 Nec
2655 3461 2891 3532 minus
2934 3461 3081 3557 ejus

946 3605 1148 3671 uxor,
1189 3581 1524 3654 inusitato
1563 3578 1853 3652 ludibrii
1890 3603 2148 3676 genere
2166 3576 2469 3677 pedibus
2501 3600 2871 3674 suspensa,
2914 3601 3075 3648 exu-

941 3697 1072 3768 viis
1130 3688 1683 3795 circumquaque
1735 3694 2212 3768 defluentibus
2264 3693 2572 3785 nudata,
2630 3694 2857 3765 atroci
2938 3692 3075 3766 fine

931 3815 1132 3910 juxta
1167 3815 1401 3886 virum
1455 3814 1739 3886 interiit.
1794 3815 1978 3885 Cum
2029 3812 2179 3885 haec
2230 3810 2652 3910 agebantur,
2706 3810 2870 3882 Odo
2914 3835 3071 3883 cum

937 3930 1248 4007 exercitu
1280 3929 1477 4010 haud
1500 3928 1751 4029 procul
1784 3930 1889 4001 rei
1916 3943 2252 4002 eventum
2290 3926 2795 4028 opperiebatur
2810 3980 2833 4018 ,
2888 3941 3071 3999 ratus

1004 4137 1032 4169 ¹⁸
1070 4130 1288 4202 enses,·i
1311 4134 1536 4187 libertati
1553 4174 1568 4201 ,
1595 4147 1720 4189 ntur
1742 4132 1951 4187 abscisa.

1005 4222 1018 4249 ¹
1065 4220 1242 4273 accitae
1264 4238 1387 4272 corr.
1415 4219 1578 4271 accita
1601 4218 1779 4280 codex,
1814 4216 1950 4290 quod
1968 4214 2304 4283 corrigendum
2334 4228 2457 4267 emt.

1001 4308 1022 4335 ³
1059 4304 1114 4357 in
1143 4302 1316 4373 primo
1344 4300 1570 4353 deletum.
