3459 5375
819 574 900 631 22
1489 570 1821 632 RICHERI
1866 571 2015 635 LIB.
2034 572 2181 639 ,111.

819 724 938 773 sm
955 754 988 791 ‚.
1019 700 1164 773 filio
1191 700 1504 775 defuncti
1527 702 1907 780 liberaliter
1938 702 2197 793 reddit,
2225 728 2531 801 eumque
2567 730 2731 777 cum
2754 706 2932 779 mili-

815 815 1002 891 tibus
1028 818 1188 914 jure
1219 836 1822 895 munienter-um
1854 819 1989 893 sibi
2018 822 2334 895 annectit
2362 822 2415 889 ¹.

1792 1059 1977 1113 xxn.

911 1196 1091 1269 Huic
1155 1222 1442 1296 quoque
1495 1198 1743 1297 regalis
1793 1198 2176 1273 nobilitatis
2224 1200 2335 1270 vir
2395 1196 2743 1270 Adalbero
2764 1253 2783 1289 ,
2849 1224 2935 1271 ex

813 1314 1259 1385 Mettensium
1285 1313 1601 1388 similiter
1633 1316 1932 1413 collegio
1952 1369 1973 1406 ‚
2023 1332 2305 1388 strenue
2340 1338 2423 1386 ac
2459 1300 2744 1388 feliciter
2777 1340 2933 1387 suc-

813 1429 1040 1499 cessit.
1085 1431 1222 1517 Qui
1258 1446 1527 1528 quanto
1555 1432 1698 1503 suis
1731 1432 2111 1530 profuerit,
2143 1446 2216 1503 et
2247 1442 2513 1528 quanta
2544 1428 2635 1501 ab
2668 1430 2935 1502 aemulis

809 1540 970 1671 plus
987 1543 1180 1637 justo
1214 1568 1460 1641 passus
1501 1548 1623 1636 sit,
1664 1570 1883 1642 opere
1918 1546 2238 1640 sequenti
2270 1542 2761 1617 declarabitur.
2804 1544 2935 1614 Hic

806 1655 884 1725 in
935 1656 1137 1728 initio
1187 1675 1351 1756 post
1397 1661 1508 1731 sui
1553 1662 2139 1757 promotionem,
2200 1658 2565 1730 structuris
2613 1656 2937 1729 aeoelesiae

805 1792 948 1839 suae
992 1770 1383 1868 plurimum
1440 1774 1730 1846 studuit.
1787 1776 2117 1847 Fornices
2150 1775 2369 1865 enim,
2410 1773 2535 1869 qui
2573 1770 2667 1843 ab
2698 1772 2936 1843 aecle-

808 1883 925 1956 siae
966 1886 1260 1959 introitu·
1307 1912 1438 1985 per
1493 1905 1819 1987 quartam
1860 1914 2047 1989 pene
2096 1892 2309 1961 totius
2363 1887 2715 1961 basilicoe'
2776 1912 2937 1987 par·

805 2013 954 2072 tem
1039 2004 1380 2075 eminenti
1447 2019 1797 2077 structura
1865 2004 2449 2077 distendebantur
2506 2004 2531 2043 ³
2544 2058 2565 2095 ‚
2653 2004 2935 2102 penitus
3026 1998 3029 2000 “

808 2114 1045 2188 diruit.
1115 2118 1320 2191 Unde
1383 2134 1452 2191 et
1522 2114 1865 2220 ampliore
1928 2120 2370 2220 receptaculo
2404 2175 2423 2211 ,
2486 2135 2558 2192 et
2617 2119 2937 2215 digniore

808 2248 1110 2305 scemate
1132 2287 1153 2324 ‚
1215 2250 1364 2307 tota
1407 2236 1714 2309 aecclesia
1752 2237 2082 2321 decorata
2136 2251 2263 2309 est.
2318 2240 2593 2334 Corpus
2650 2258 2937 2331 quoque

809 2350 1032 2419 sancti
1105 2349 1372 2442 Kalisti,
1434 2376 1635 2450 papae
1694 2368 1769 2425 et
1822 2354 2125 2424 martiris
2138 2405 2157 2441 ‚
2220 2350 2464 2423 debito
2522 2350 2800 2421 honore
2860 2348 2935 2417 in

810 2463 966 2561 ipso
1023 2465 1345 2537 aecclesiae
1378 2468 1695 2565 ingressu
1713 2522 1734 2559 ‚
1789 2469 1950 2540 loco
1994 2468 2256 2541 scilicet
2297 2466 2592 2539 editiore
2618 2466 2675 2555 ⁴,
2716 2462 2935 2534 collo-

809 2580 1026 2669 cavit3
1088 2579 1332 2679 ibique
1388 2582 1606 2657 altare
1676 2584 2012 2657 dedicans
2026 2638 2046 2675 ‚
2112 2584 2503 2657 oratorium
2554 2576 2933 2653 fundendis

809 2699 963 2768 Deo
1000 2699 1324 2796 precibus
1373 2701 2031 2776 commodissimum
2078 2703 2367 2801 aptavit.
2422 2699 2653 2772 Altare
2696 2694 2933 2795 praeci-

809 2836 1032 2908 puum
1047 2868 1068 2906 ,
1114 2815 1440 2888 crucibus
1489 2818 1718 2890 aureis
1766 2819 2151 2916 insigniens
2170 2871 2191 2909 ,
2221 2815 2548 2890 cancellis
2572 2813 2933 2908 utrimque

811 2927 1244 3004 radiantibus
1295 2932 1670 3036 obvelavit.

1768 3099 1980 3154 xxm.

909 3205 1148 3277 Preter
1191 3207 1340 3280 haec
1385 3210 1598 3280 etiam
1641 3207 1856 3282 altare
1912 3211 2367 3307 gestatorium
2422 3229 2570 3280 non
2638 3203 2867 3279 viliori
2895 3205 2919 3240 ⁸

813 3340 1030 3416 opere
1091 3319 1379 3394 effinxit.
1447 3328 1674 3424 Super
1742 3325 1941 3423 quod
1954 3380 1974 3417 ‚
2034 3325 2397 3400 sacerdote
2455 3321 2647 3422 apud
2702 3325 2929 3394 Deum

815 3447 1064 3530 agente
1090 3487 1111 3525 ,
1187 3437 1481 3512 aderant
1555 3457 1863 3537 quatuor
1934 3442 2515 3540 evangelistarum
2596 3463 2933 3537 expressae

815 3575 990 3622 auro
1037 3565 1110 3622 et
1157 3569 1446 3648 argento
1493 3557 1833 3652 imagines
1859 3611 1878 3647 ,
1932 3557 2219 3654 singulae
2264 3559 2339 3627 in
2382 3555 2669 3652 singulis
2710 3579 2928 3650 angu-

895 3803 910 3832 ¹
951 3807 1072 3854 Haec
1093 3803 1207 3855 inde
1233 3825 1264 3856 a
1275 3810 1478 3877 pagina!
1506 3810 1664 3868 initio,
1685 3809 1885 3862 voc-ihus
1901 3811 2082 3863 scilicet
2098 3834 2117 3862 .-
2139 3813 2203 3864 Et
2218 3811 2457 3865 Tetbaldi
2489 3812 2699 3882 quidem
2726 3813 2855 3877 filio,
2882 3815 2935 3864 in

820 3886 926 3938 loco
951 3905 1061 3938 raso
1083 3887 1146 3938 ab
1169 3902 1364 3942 auctore
1391 3893 1570 3963 scripta
1601 3907 1712 3946 eunt
1727 3934 1745 3954 ‚
1786 3894 1901 3946 aliis
1921 3907 2129 3966 quatuor
2157 3897 2295 3948 lineis
2332 3899 2480 3948 emis
2506 3900 2703 3968 jamque
2743 3899 2930 3950 vacuis.

825 3974 942 4020 Tum
961 3973 1290 4042 prosequitur.

884 4054 908 4084 ⁹
943 4053 1158 4106 oratorii
1177 4073 1303 4106 con.
1329 4056 1567 4110 basilien.

889 4141 908 4166 ³
947 4136 1335 4191 distendebatur
1357 4159 1480 4192 corr.

889 4223 912 4252 ⁴
946 4224 1286 4278 eminentiore
1309 4246 1432 4278 corr.
1465 4229 1700 4282 editiore.

888 4310 910 4338 ⁸
947 4309 1136 4362 minori
1163 4329 1287 4362 corr.
1316 4311 1505 4364 viliori.
