3459 5375
986 497 1110 559 262
1701 496 2035 559 Rlcnmu
2077 497 2228 559 Lm.
2279 498 2384 559 IV.

981 626 1141 701 loca
1162 626 1299 700 alia
1321 608 1705 703 exercitum
1743 644 2140 727 retorquet,
2171 646 2244 703 et
2278 645 2524 703 vastat.
2571 635 2739 703 Post
2769 630 2972 729 <axius
3007 632 3113 705 di-

982 768 1299 841 gressum
1318 798 1339 837 ,
1383 744 1549 817 Odo
1584 746 1602 781 ⁸
1649 746 1725 817 in
1779 745 1930 841 ejus
1981 757 2242 819 terram
2281 760 2486 819 versa
2527 747 2688 827 vice
2727 748 3110 820 exercitum

981 859 1294 952 induxit,
1336 861 1435 933 sic
1456 860 1531 935 in
1558 886 1643 933 ea
1679 860 2041 952 efferatus,
2071 877 2150 934 ut
2173 886 2308 935 nec
2329 863 2689 960 tugurium
2713 862 2830 935 vel
2850 862 3110 960 gallum

978 977 1435 1075 relinqueret,
1450 976 1730 1049 hostem
1751 1000 2183 1077 provocanS,
2209 979 2280 1051 et
2293 994 2376 1053 ut
2395 978 2856 1051 dimicamus
2877 980 3118 1053 veniat

980 1095 1307 1166 invitans.
1331 1094 1455 1165 llle
1469 1108 1707 1166 autem
1728 1094 1968 1193 copias
1982 1119 2132 1166 non
2151 1093 2472 1167 sufficere
2491 1094 2632 1167 sibi·
2645 1120 3110 1194 cognoscem,

976 1210 1398 1308 provocanti
1434 1211 1639 1281 cessit
1655 1262 1677 1301 ,
1708 1224 1921 1309 atque
1955 1211 2059 1296 ad
2081 1234 2212 1283 sua
2245 1210 2478 1284 rediit.
2511 1214 2738 1310 At'que
2774 1211 2926 1285 haec
2971 1212 3114 1286 fere

977 1348 1109 1423 per
1138 1324 1533 1399 biennium.

1116 1545 1339 1600 Lxxx.
1363 1576 1438 1588 —
1456 1546 1642 1602 Oratio
1664 1546 1956 1619 legatorum
1982 1543 2190 1599 Odonis
2211 1544 2355 1617 apud
2377 1564 2555 1617 regem
2569 1546 2601 1580 ἲ
2631 1545 2700 1599 de
2720 1536 2973 1600 muni

1859 1636 2166 1709 pervasione
2177 1634 2230 1687 *.

1075 1785 1241 1859 Odo
1275 1785 1549 1859 interea
1580 1800 1813 1859 castro
1856 1776 2116 1859 amisso
2150 1784 2520 1859 frustratus
2533 1838 2555 1877 ,
2603 1786 2816 1869 etiam
2853 1786 2931 1860 in
2971 1784 3114 1857 hoc

980 1926 1131 1975 sese
1156 1887 1641 1974 cautissimum
1673 1894 2008 1974 habebat.
2042 1900 2530 1972 Arbitrabatur
2553 1902 2816 1975 etenim
2845 1900 3116 2001 duplici

980 2017 1375 2091 calamitate
1410 2044 1487 2090 se
1522 2024 1730 2117 p'osse
1768 2018 2124 2115 torqueri,
2165 2041 2332 2088 cum
2367 2014 2460 2089 de
2492 2019 2698 2089 castri
2733 2020 3112 2091 amissione

980 2135 1369 2236 plurimum
1421 2133 1695 2208 doleret
1727 2194 1749 2227 ,
1807 2150 1878 2209 et
1931 2161 1976 2207 a
2016 2160 2181 2233 rege
2231 2135 2413 2207 irato
2467 2159 2615 2206 non
2662 2135 3114 2209 mediocriter

981 2254 1247 2326 valeret
1293 2254 1548 2351 urgeri.
1596 2252 1805 2326 Unde
1830 2267 1902 2325 et
1945 2251 2092 2351 regi
2139 2251 2406 2349 legatos
2441 2251 2727 2344 direxit,
2766 2277 2898 2351 per
2931 2278 3114 2351 quos

982 2374 1134 2443 Sese
1160 2371 1429 2469 optimc
1455 2369 1856 2444 ratiocinari
1878 2394 2088 2469 posse
2113 2366 2206 2441 de
2228 2365 2521 2468 objectis
2550 2354 3114 2467 quibuscumque

982 2501 1383 2586 suggereret
1418 2514 1435 2557 2
1478 2511 1631 2559 sese
1681 2490 1755 2557 in
1804 2486 2005 2558 nullo
2061 2487 2328 2585 regiam
2387 2486 2825 2583 majestatem
2879 2486 3115 2559 lesisse

980 2620 1431 2677 ostensurum
1450 2631 1493 2696 3·
1524 2604 1585 2675 si
1623 2601 1715 2674 de
1755 2602 2102 2675 Miliduno
2141 2617 2412 2701 agatur,
2452 2616 2703 2675 contra
2738 2628 2981 2706 regem
3015 2604 3116 2677 nil

984 2720 1153 2792 mali
1188 2719 1553 2812 molitum,
1583 2744 1751 2792 cum
1772 2744 1922 2791 non
1954 2719 2102 2816 regi
2125 2717 2255 2790 sed
2287 2743 2419 2792 suo
2441 2718 2912 2792 commilitoni
2937 2719 3112 2792 illud

984 2834 1419 2926 abstulisset3
1460 2835 1606 2934 regi
1631 2833 1825 2906 nihil
1845 2832 2266 2930 derogatum
2289 2834 2500 2906 fuisse
2513 2885 2534 2926 ,
2563 2835 2910 2933 cumipse
2932 2835 3114 2932 regis

983 2960 1182 3050 aeque
1204 2955 1293 3026 sit
1312 3007 1333 3044 ,
1357 2968 1439 3025 ut
1453 2952 1571 3024 ille
1592 2953 1709 3023 cui
1726 2951 2043 3042 abstulit,
2065 2950 2386 3048 nihilque
2408 2953 2744 3026 interesse
2765 2966 3112 3048 quantum

983 3069 1079 3142 ad
1109 3071 1377 3167 regiam
1400 3067 1814 3167 dignitatem
1827 3120 1848 3161 ,
1889 3069 2322 3166 quicumque
2355 3082 2628 3158 tencat3
2661 3091 2816 3138 sese
2839 3069 3050 3139 etiam
3074 3067 3102 3106 ¹

975 3186 1181 3281 justis
1207 3186 1437 3258 causis
1456 3185 1539 3256 id
1557 3184 1868 3257 effecisse
1886 3241 1906 3277 ,
1937 3209 2104 3256 cum
2130 3183 2308 3259 illud
2332 3207 2376 3254 a
2401 3183 2546 3264 suis
2568 3185 3104 3282 praecessoribus

982 3300 1156 3373 olim
1188 3326 1591 3400 possessum
1613 3354 1633 3392 ,
1674 3300 2055 3401 approbari
2086 3301 2346 3400 possit3
2401 3299 2593 3372 unde
2629 3300 2844 3372 etiam
2883 3301 3106 3375 videri

977 3435 1222 3518 posse,
1268 3443 1311 3492 a
1336 3443 1413 3491 se
1447 3419 1727 3517 dignius
1763 3419 1987 3499 teneri
2025 3415 2328 3509 debere,
2360 3442 2578 3516 quam
2626 3417 2717 3489 ab
2758 3417 2899 3492 alio
2935 3443 3104 3518 quo—

979 3554 1327 3635 cumquc3
1384 3534 1676 3610 tandem
1722 3538 1782 3610 si
1822 3535 1996 3634 quid
2033 3533 2292 3635 piaculi
2338 3535 2602 3608 factum
2645 3548 2750 3608 cst
2766 3591 2786 3627 ,
2835 3536 2910 3608 in
2956 3563 3102 3610 sese

976 3680 1265 3755 poenam
1308 3653 1676 3728 dedecoris
1722 3637 2160 3742 redundasse
2177 3708 2197 3744 ,
2247 3667 2666 3752 tantumque
2701 3653 2930 3726 scelus
2952 3643 3098 3754 pari

976 3770 1361 3869 ignominia
1374 3769 1766 3843 abstersum
1787 3798 1803 3841 ε
1828 3769 2021 3842 unde
2039 3785 2108 3848 et
2119 3767 2388 3842 facilius
2405 3767 2538 3840 sibi
2560 3765 3089 3868 indulgendum,

975 3903 1188 3985 atque
1201 3887 1273 3958 in
1290 3902 1485 3959 tanta
1504 3887 1762 3982 injuria
1773 3885 2074 3985 amplius
2087 3886 2552 3985 parcendum.
2577 3887 2747 3980 Rex,
2768 3889 3096 3960 orationis

1038 4108 1074 4144 Ψ
1107 4123 1281 4177 regem
1296 4143 1311 4168 ,
1339 4123 1441 4157 one
1462 4105 1669 4161 abscisa.

1046 4191 1061 4218 ¹
1096 4191 1165 4243 Ο.
1191 4189 1305 4241 cod.
1370 4215 1375 4220 ·

1046 4274 1063 4300 ¹
1100 4274 1255 4328 etiam
1280 4271 1333 4325 id
1362 4272 1509 4345 justis
1533 4292 1581 4324 c.
1607 4271 1661 4325 id
1686 4291 1734 4327 e.
1762 4272 1932 4338 codes.
