3459 5375
839 516 918 575 42
1563 514 1899 576 RICHERI
1943 514 2095 576 LIB.
2142 514 2261 573 Ill.

1169 706 1489 799 XXXVIII.
1517 736 1591 749 —-
1612 708 1690 760 De
1708 706 1740 741 ³⁸¹
1771 706 2039 779 superfluo
2064 707 2098 741 ‘⁸
2131 706 2353 760 vestium
2376 704 2409 741 ¹*
2445 707 2640 760 colore.

937 890 976 931 «
1025 862 1220 951 Quid
1263 885 1437 935 vero
1479 864 1570 935 de
1617 862 1861 935 colore
1904 861 2255 936 vestium?
2294 860 2501 935 Unde
2536 875 2818 935 tantum
2863 862 2985 936 de-

840 1007 876 1047 «
917 980 1106 1079 cepti
1153 994 1320 1051 sunt
1345 1032 1364 1069 ‚
1421 994 1502 1051 ut
1553 978 1913 1077 dignitatis
1967 980 2219 1052 men'ta
2275 977 2637 1051 coloribus
2702 1002 2986 1077 compa-

839 1124 877 1164 «
918 1113 1101 1169 rent.
1161 1100 1338 1168 Nam
1381 1096 1518 1168 nisi
1569 1098 1813 1169 tunica
1866 1098 2069 1195 nigro
2116 1095 2363 1168 ‘colore
2404 1094 2654 1167 deceat
2672 1148 2691 1187 ‚
2744 1120 2829 1168 ea
2876 1095 2983 1167 in-

839 1242 875 1279 «
919 1212 1045 1285 dui
1092 1211 1292 1285 nullo
1339 1211 1562 1285 modo
1603 1212 1859 1312 placet.
1916 1211 2132 1301 Quod
2173 1212 2232 1284 si
2276 1214 2492 1285 etiam
2536 1212 2739 1309 nigro
2780 1211 2983 1285 albus

838 1358 873 1397 «
919 1328 1224 1403 laneficii
1271 1356 1490 1430 opere
1537 1332 1985 1405 intermixtus
2022 1334 2133 1422 sit,
2164 1330 2283 1403 hic
2320 1352 2611 1429 quoque
2645 1330 2801 1403 talis
2833 1355 2984 1403 ves·

838 1477 872 1514 «
917 1461 1064 1518 tem
1117 1445 1468 1550 abjectam
1533 1447 1716 1519 facit.
1778 1447 2039 1519 Fulvus
2092 1440 2381 1546 quoque
2443 1446 2791 1545 abjicitur.
2836 1452 2982 1520 Nec

837 1591 871 1630 «
915 1562 1154 1634 minus
1193 1565 1394 1660 niger
1430 1565 1711 1635 nativus
1727 1619 1746 1654 ‚
1797 1588 1947 1649 non
1983 1563 2241 1637 sufficit
2258 1618 2277 1655 ‚
2330 1565 2465 1637 nisi
2521 1565 2733 1636 etiam
2776 1565 2983 1635 corti·

834 1708 869 1748 «
899 1703 1079 1751 cum
1124 1678 1477 1751 inficiatur
1512 1682 1762 1752 succis.
1808 1684 2034 1777 Atque
2067 1679 2219 1753 haec
2254 1680 2345 1752 de
2381 1678 2715 1752 vestibus.
2768 1708 2802 1745 n

1088 1884 1348 1937 xxxvi.
1382 1884 1559 1937 ——·De
1581 1884 1648 1919 *θ’
1680 1885 2143 1939 calciamentorum
2158 1883 2225 1919 θ’*
2246 1883 2601 1956 superfluitate
2626 1882 2711 1935 ⁴⁸³³.

933 2055 968 2094 «
1011 2029 1120 2097 De
1164 2025 1798 2098 calciamentorum
1843 2051 2015 2099 vero
2062 2026 2545 2126 superfluitate
2588 2026 2764 2125 quid
2792 2028 2979 2100 ‚refe-

835 2173 870 2210 «
913 2142 1116 2214 ram?
1167 2147 1473 2215 Tantum
1521 2143 1722 2213 enim.
1755 2144 1827 2213 in
1873 2142 1987 2213 his
2052 2144 2415 2215 insaniunt
2446 2197 2465 2234 ,
2533 2159 2614 2215 ut
2664 2169 2980 2216 commo-

834 2288 870 2328 «
913 2258 1208 2343 ditatem
1253 2257 1387 2330 sibi
1436 2257 1819 2357 plurimam
1853 2284 1985 2357 per
2020 2284 2104 2332 ea
2142 2260 2485 2332 auferant.
2531 2262 2632 2332 Ea
2666 2262 2861 2332 enim
2881 2262 2980 2333 sic

835 2406 870 2445 «
914 2390 1064 2448 arta
1103 2374 1452 2466 induunt,
1502 2391 1582 2447 ut
1624 2378 1886 2476 cippati
1930 2401 2117 2476 pene
2162 2376 2664 2476 impediantur.
2696 2382 2789 2448 'In
2832 2378 2982 2475 qui-

837 2524 871 2561 «
915 2493 1051 2564 bus
1086 2492 1300 2564 etiam
1337 2507 1564 2565 rostra
1599 2508 2092 2593 componunt;
2147 2517 2353 2564 aures
2397 2493 2568 2564 hinc
2628 2492 2797 2565 inde
2852 2494 2981 2565 eri·

835 2640 868 2679 «
913 2624 1122 2709 gunt3
1165 2624 1236 2679 et
1271 2633 1363 2681 ne
1408 2608 1699 2681 folleant
1739 2633 2001 2710 magno
2053 2634 2271 2710 opere
2307 2607 2700 2681 elaborant.
2746 2614 2839 2681 Ut
2879 2609 2981 2681 lu-

836 2759 872 2796 «
915 2743 1123 2802 ceant
1155 2752 1444 2826 quoque
1465 2781 1482 2816 ,
1526 2727 1809 2800 famulis
1844 2729 2146 2800 consciis
2190 2726 2539 2798 indicunt.
2597 2755 2633 2794 n

1183 2929 1299 2985 XL.
1329 2962 1402 2974 --
1417 2934 1495 2984 De
1518 2931 1619 2968 *ὓ*
1641 2921 1817 2985 linteis
1839 2945 1891 2984 et
1922 2933 2171 3004 operibus
2188 2931 2287 2969 *θ’
2318 2932 2613 3004 superfluis.

934 3113 968 3152 «
1023 3090 1130 3156 An
1167 3085 1384 3160 lintea
1434 3108 1739 3183 operosa
1784 3097 1997 3180 atque
2048 3081 2345 3181 pellicea
2386 3083 2829 3181 operimenta
2884 3082 2976 3153 si-

835 3229 873 3268 «
916 3201 1150 3273 leam?
1189 3206 1406 3292 Cum,
1450 3201 1780 3298 inquam,
1824 3225 1867 3271 a
1900 3197 2289 3296 majoribus
2323 3198 2733 3276 clementiae,
2758 3197 2979 3295 gratia

835 3346 870 3385 «
911 3317 1229 3416 prolenis
1264 3317 1466 3390 indui
1501 3316 1807 3416 pellibus
1848 3315 2327 3389 mediocribus
2380 3340 2799 3388 concessum
2841 3314 2933 3388 sit
2952 3367 2971 3406 ‚

836 3461 873 3500 «
915 3435 1168 3507 vitium
1203 3435 1703 3533 superfluitatis
1741 3435 2045 3532 irrepsit.
2090 3433 2300 3505 Unde
2336 3448 2409 3505 et
2442 3458 2637 3505 nunc
2673 3433 2979 3533 peregri-

834 3581 872 3618 «
914 3553 1023 3624 nis
1059 3553 1520 3651 operimentis
1553 3551 1814 3623 limbos
1848 3549 2201 3650 bipalmos
2245 3550 2793 3624 circumducunt
2807 3603 2826 3640 ,
2877 3564 2981 3620 at-

839 3695 875 3735 «
915 3694 1056 3766 que
1108 3671 1363 3769 pannis
1416 3670 1680 3741 noricis
1739 3693 1824 3740 ea
1892 3668 2198 3768 desuper
2262 3667 2650 3767 duplicant.
2719 3667 2979 3738 Linteis

838 3814 874 3853 «
916 3810 1089 3858 vero
1149 3811 1283 3885 pro
1329 3785 1652 3883 stragulis
1690 3787 1983 3858 minime
2019 3786 2123 3856 uti
2147 3808 2565 3856 concessum
2601 3797 2741 3874 est3
2782 3781 2909 3853 sed
2934 3807 2977 3853 a

838 3931 873 3969 «
918 3900 1351 3999 quibusdam
1421 3903 1658 3974 minus
1722 3903 2065 4001 religiosis
2083 3957 2102 3994 ‚
2155 3903 2419 3976 caeteris
2476 3899 2851 4001 superfluis
2902 3898 2977 3970 id

901 4107 934 4140 '⁸
971 4106 1079 4172 De,
1105 4125 1129 4158 a
1150 4145 1167 4172 ,
1193 4117 1304 4158 vest
1327 4104 1537 4158 abscisa.

903 4189 967 4226 *¹*
1003 4191 1082 4242 De
1105 4207 1166 4242 ca
1185 4229 1200 4255 ,
1239 4203 1416 4242 torum
1432 4229 1448 4255 ,
1475 4201 1578 4242 tate
1601 4191 1808 4243 abscisa.

905 4273 999 4309 *ἢ
1037 4275 1184 4340 Del,
1219 4275 1295 4326 bu
1317 4273 1525 4326 abscisa.
