3459 5375
894 556 1015 615 126
1612 550 1956 651 ἱΒΙΟΗΕΙΠ
2001 550 2150 615 LIB.
2202 550 2319 611 111.

1899 766 2020 819 (111.

988 922 1267 1012 Quibus
1317 922 1623 1024 peractis
1640 976 1661 1015 ,
1714 947 1840 997 rex
1877 922 1971 995 ad
2003 922 2256 999 urbem
2293 922 2638 997 tuendam
2651 978 2673 1015 ,
2727 922 3046 1021 reginam

868 1044 1223 1117 Emmam
1247 1042 1324 1111 in
1370 1066 1455 1113 ea
1492 1040 1801 1138 reliquit.
1845 1044 2006 1140 Ipse
2047 1063 2217 1111 cum
2252 1040 2563 1112 exercitu
2615 1038 3046 1113 Laudunum

890 1158 1103 1231 rediit
1124 1214 1144 1251 ,
1187 1182 1358 1230 suos
1390 1159 1605 1230 etiam
1640 1156 1736 1229 ad
1772 1181 1900 1236 sua
1935 1156 2170 1230 redire
2203 1157 2524 1256 permisit
2542 1211 2563 1248 ,
2602 1170 2814 1229 tantae
2849 1154 3048 1227 beni-

889 1276 1221 1349 volentiae
1254 1275 1499 1347 favore
1538 1274 1734 1375 apud
1770 1292 1897 1346 eos
1931 1298 2104 1346 usus
2122 1328 2142 1365 ‚
2202 1288 2298 1361 ut!
2323 1274 2626 1377 repetito
2670 1274 2925 1346 itinere
2969 1296 3045 1344 se

890 1392 1187 1465 ulterius
1247 1392 1473 1465 ituros
1531 1392 1591 1465 si
1644 1390 1930 1489 juberet
1985 1384 2542 1492 pollicerentur}
2599 1403 2673 1462 et
2709 1387 3047 1487 neglectis

888 1533 1028 1609 pro
1067 1522 1395 1609 tempore
1425 1506 1764 1580 domibus
1799 1524 1873 1582 ct
1905 1510 2124 1601 natis,
2171 1533 2338 1581 cum
2385 1506 2594 1581 hoste
2639 1506 3046 1579 comminus

891 1624 1381 1709 dimicaturos
1416 1624 1795 1697 Lotharius
1822 1627 2091 1698 interea
2112 1626 2308 1725 apud
2351 1650 2520 1698 suos
2566 1617 3038 1715 deliberabat,

889 1760 1137 1819 utrum
1173 1744 1413 1843 potius
1448 1743 1634 1817 foret
1674 1768 1828 1833 sese
1866 1743 2159 1826 ulterius
2194 1744 2297 1817 ire
2313 1799 2332 1837 ,
2384 1744 2742 1843 armisque
2778 1756 2850 1813 et
2881 1742 3046 1849 viri-

886 1860 1027 1934 hus
1059 1874 1291 1933 totam
1324 1859 1679 1957 Belgicam
1706 1860 1841 1932 sibi
1874 1860 2252 1959 subjugare
2271 1916 2292 1951 ,
2333 1886 2426 1933 an
2469 1859 2853 1937 residendo
2891 1860 3046 1931 Vir-

890 1982 1113 2073 duni,
1141 2006 1274 2081 per
1307 1982 1579 2080 legatos
1594 2036 1615 2074 ,
1655 1981 1918 2071 habitis
1943 1983 2434 2075 suasionibus,
2467 2007 2706 2055 mores
2729 1982 3045 2054 hostium

889 2098 989 2170 ad
1012 2124 1225 2170 suum
1260 2099 1583 2171 animum
1610 2100 2019 2187 informare.
2059 2100 2132 2171 Si
2171 2101 2364 2173 enim
2401 2113 2550 2171 eos‘
2569 2100 2758 2171 ferro
2805 2100 3045 2171 vince-

888 2229 1000 2287 ret
1018 2228 1053 2307 ,'
1115 2240 1281 2287 cum
1327 2212 1405 2287 id
1470 2203 1629 2288 sine
1676 2215 1906 2289 multo
1957 2218 2299 2316 sanguine
2363 2214 2518 2289 fieri
2566 2241 2720 2288 non
2770 2232 3038 2315 posset,

889 2330 1249 2429 cogitabat
1282 2331 1357 2405 in
1384 2348 1756 2430 posterum
1781 2328 2020 2407 minus
2056 2334 2158 2407 eis
2193 2334 2634 2406 credendum
2653 2386 2672 2423 ,
2713 2358 2804 2405 eo
2846 2333 3046 2431 quod

872 2444 1287 2547 'amicorum
1323 2448 1561 2521 labem
1597 2450 1697 2521 eis
1746 2450 2083 2523 intulerit.
2129 2452 2199 2531 si
2244 2476 2418 2523 vero
2449 2476 2582 2553 per
2615 2442 3047 2533 benivolen-

889 2566 1062 2637 tiam
1088 2566 1497 2641 reversuros
1538 2581 1944 2666 expectaret
1965 2621 1984 2659 ,
2017 2566 2422 2657 cavendum
2453 2568 2756 2669 putabat
2775 2623 2794 2661 ,
2841 2594 2935 2641 ne
2969 2569 3042 2641 in

888 2699 1089 2758 tanto
1127 2683 1279 2782 otio
1302 2674 1337 2775 ‚⁶
1364 2680 1608 2770 hostes
1644 2683 2144 2758 insolentiores
2180 2682 2677 2783 redderentur.

1346 2952 1355 2977 ,
1403 2905 1558 2962 cm.
1582 2937 1655 2948 -
1675 2907 1912 2962 viniani
1933 2907 1966 2944 ἰ
2003 2909 2254 2964 invasio·
2279 2908 2527 2981 2130131„

942 3087 947 3092 ·
986 3063 1181 3134 Dum
1228 3059 1381 3132 haec
1434 3059 1661 3133 munta
1702 3061 2254 3149 consultatione.
2283 3062 2697 3154 ventilaret,
2753 3061 3044 3162 Belgicae

878 3173 1041 3246 dux
1100 3175 1528 3249 Teoderious
1550 3231 1569 3268 ,
1634 3202 1923 3255 necnon
1964 3196 2038 3252 et
2095 3180 2205 3252 vir
2256 3179 2520 3252 nobilis
2567 3205 2654 3254 ac
2711 3195 3044 3253 strenuus

888 3291 1327 3366 Godefiidus
1346 3347 1367 3384 ,
1444 3279 1834 3393 Sigefi'idus
1903 3320 2195 3396 quoque
2243 3298 2356 3368 vir
2413 3297 2737 3390 illustris,
2771 3335 2779 3346 ·
2811 3297 3041 3370 Bardo

884 3409 1101 3481 ctiam
1159 3425 1232 3482 et
1284 3411 1537 3486 Gozilo
1590 3411 1840 3484 fratres
1898 3397 2268 3486 clarissimi
2318 3430 2390 3486 et
2450 3417 3000 3488 nominatissimi
3015 3470 3036 3507 ,

886 3525 1147 3626 aliiq'ue
1196 3528 1553 3628 principes
1612 3525 1945 3601 nonnulli
2006 3526 2306 3604 latenter
2359 3547 2842 3634 pertemptant
2889 3535 3042 3604 Vir-

886 3641 1171 3717 dunum
1209 3647 1606 3746 irrumpere
1627 3703 1646 3738 ,
1697 3671 1999 3745 eamque
2039 3672 2083 3720 a
2117 3645 2337 3720 Gallis
2379 3651 2400 3685 ⁴
2459 3645 2829 3722 evacuare.
2874 3653 3044 3722 Fac·

885 3761 1121 3860 tisque
1156 3763 1427 3857 insidiis
1442 3818 1462 3854 ‚
1518 3765 2047 3862 negotiatorum
2095 3763 2483 3840 claustrum
2513 3821 2532 3856 ‚
2574 3792 2785 3839 muro
2823 3767 3044 3843 instar

885 3885 1139 3985 oppidi
1163 3877 1636 3980 exstructum,
1688 3889 1780 3962 ab
1816 3879 1997 3962 urbe
2036 3891 2330 3988 quidem
2356 3895 2555 3964 Mosa
2589 3890 3042 3966 interfluente

884 4003 1291 4100 sejunctum
1308 4060 1328 4097 ,
1404 4004 1533 4077 sed
1591 4005 1936 4106 pontibus
2000 4007 2288 4080 duobus
2335 4011 2752 4083 interstratis
2799 4012 2869 4083 ei
2921 4035 3043 4082 an·

952 4230 986 4266 *
1021 4233 1092 4297 V,
1118 4228 1173 4283 in
1198 4232 1407 4284 abscisa.

958 4316 977 4346 ¹
1017 4317 1083 4368 ab
1111 4315 1348 4368 hostibus
1370 4329 1495 4367 corr.
1525 4335 1553 4368 a
1578 4317 1763 4368 Gallis.
