3459 5375
907 562 991 620 26
1643 554 1973 617 RlCHERl
2018 554 2165 615 ΠΒ.
2216 555 2331 615 ΙΙΙ.

903 706 1152 791 praeter
1199 692 1332 763 hos
1384 692 1507 787 qui
1558 690 1747 762 curis
1795 714 2045 763 eorum
2097 688 2531 761 insistebant.
2592 695 2679 763 Et
2724 716 2816 763 ne
2864 695 3022 790 quis

901 834 1030 909 per
1104 808 1573 907 ignorantiam
1651 807 2033 904 quicquam
2092 805 2493 879 faciendum
2562 807 3016 904 relinqueret,

901 926 1124 998 sancti
1151 925 1515 1022 Augustini
1543 924 1860 995 instituta
1885 936 2310 1022 patrumque
2336 922 2617 995 decreta
2642 924 2902 995 cotidie
2926 927 3024 995 eis

903 1040 1264 1117 recitanda
1299 1039 1571 1112 indixit.

1853 1636 2027 1689 XXV.

993 1758 1507 1832 Monachorum
1556 1782 1845 1857 quoque
1894 1785 2161 1850 moreS,
2214 1776 2479 1859 quanta
2526 1760 2900 1836 dilectione
2954 1784 3021 1839 et

896 1876 1238 1949 industria
1282 1876 1585 1947 correxit
1631 1890 1841 1973 atque
1882 1901 1925 1947 a
1966 1876 2182 1949 seculi
2222 1877 2472 1949 habitu
2523 1878 2841 1952 distinxit
2858 1935 2878 1971 ,
2919 1899 3023 1955 sat

899 1994 1134 2065 dicere
1189 2016 1340 2065 non
1384 2005 1512 2063 est.
1573 1995 1733 2065 Non
1776 1992 2011 2065 solum
2062 1994 2251 2067 enim
2288 1994 2641 2091 religionis
2686 1996 3019 2094 dignitate

900 2134 1024 2180 eos
1051 2109 1360 2204 insignes
1393 2131 1735 2206 apparere
1778 2108 2049 2181 suiduit
2070 2162 2090 2198 ,
2132 2134 2383 2183 verum
2414 2112 2629 2185 etiam
2664 2112 2872 2185 bonis
2904 2139 3020 2187 ex-

897 2224 1274 2297 terioribus
1335 2239 1823 2321 augmentatos
1885 2224 2082 2296 nullo
2142 2225 2362 2297 modo
2424 2226 2650 2297 minui
2707 2226 3019 2325 prudens

900 2341 1156 2439 adegit.
1226 2345 1424 2428 Quos
1495 2366 1662 2411 cum
1721 2341 1946 2412 multo
2003 2340 2265 2413 coleret
2327 2366 2571 2413 amore
2590 2396 2609 2432 ‚
2668 2344 3019 2442 praecipua

895 2474 1133 2529 tamen
1193 2456 1384 2531 beati
1446 2458 1739 2554 Remigii
1796 2462 2233 2529 Francorum
2287 2458 2568 2555 patroni
2630 2456 3018 2529 monachos

896 2575 1183 2647 caritate
1255 2570 1667 2663 extollebat3
1725 2572 1919 2645 unde
1976 2587 2047 2645 et
2107 2597 2359 2645 eorum
2414 2598 2525 2645 res
2594 2572 2881 2645 stabiliri
2944 2574 3016 2645 in

895 2704 1261 2787 posterum
1295 2691 1588 2786 cupiens
1611 2743 1630 2779 ,
1687 2693 1989 2762 Romam
2046 2691 2415 2764 concessit.
2470 2694 2561 2762 Et
2614 2705 2861 2788 utpote
2916 2692 3018 2760 vir
3118 2779 3127 2790 .

891 2805 1149 2880 nobilis
1205 2821 1278 2878 et
1331 2822 1658 2880 strenuus
1692 2860 1712 2895 ,
1782 2821 1853 2879 et
1913 2806 2100 2880 fama
2158 2806 2399 2880 celibis
2458 2808 2613 2880 vitae
2687 2805 3017 2880 omnihus

893 2923 1155 3013 clarus,
1197 2947 1240 2992 a
1274 2921 1494 2994 beatae
1555 2923 1917 2994 memoriae
1968 2922 2293 2995 Iohanne
2334 2947 2519 3020 papa
2581 2947 2747 2993 cum
2796 2922 3015 2994 multa

897 3043 1291 3114 reverentia
1325 3057 1657 3140 exceptus
1685 3057 1813 3115 est.
1852 3049 1904 3116 A
1929 3069 2077 3140 quo
2102 3045 2315 3114 etiam
2339 3058 2502 3140 post
2526 3058 2775 3114 mutua
2798 3041 3015 3114 collo-

895 3157 1063 3254 quia
1101 3159 1338 3254 jussus
1356 3213 1374 3249 ‚
1422 3159 1494 3229 in
1533 3159 1648 3230 die
1683 3158 1993 3232 natalitia
2028 3160 2316 3230 Domini
2352 3157 2731 3232 duodecim
2764 3183 3016 3255 praece-

892 3273 1222 3345 dentibus
1283 3276 1630 3373 episcopis
1699 3277 2071 3347 missarum
2140 3274 2555 3375 sollempnia
2607 3273 3003 3346 celebravit.

891 3392 971 3459 ln
1009 3403 1203 3462 tanta
1254 3390 1403 3486 ejus
1455 3393 1673 3487 gratia
1719 3390 2001 3463 habitus
2023 3446 2040 3480 ‚
2098 3407 2177 3464 ut
2210 3391 2301 3464 ab
2341 3416 2426 3463 eo
2483 3404 2846 3486 rogaretur
2894 3414 3013 3486 pe-

893 3517 1040 3575 tere
1064 3560 1083 3596 ,
1125 3508 1182 3577 si
1217 3508 1391 3603 quid
1427 3521 1724 3607 optaret.
