3459 5375
920 534 1042 593 ‘298
1642 530 1975 597 Rlcnmu
2027 532 2172 593 Lm.
2217 534 2322 595 IV.

1726 714 1879 767 cm.
1899 745 1972 757 --
1985 716 2227 770 Particio.

1026 907 1063 947 «
1102 879 1245 951 Sed
1282 903 1445 953 ecce
1462 934 1482 969 ‚
1534 906 1627 955 ex
1670 882 1970 955 adverso
2001 884 2308 957 occurrit
2341 881 2888 982 calumpniator-3
2925 906 3046 954 vo-

929 1026 965 1063 «
1006 1021 1174 1068 cum
1216 996 1649 1070 novitatibus
1662 1052 1683 1090 ,
1741 1014 1820 1071 ut
1875 999 2106 1095 major
2151 998 2272 1071 fiat
2323 998 2588 1071 invidia
2605 1052 2642 1088 ,,
2665 998 3046 1071 delectatus

930 1144 965 1181 «
1008 1112 1440 1211 obloquitur.
1479 1118 1860 1187 Dominum
1893 1132 2086 1191 tuum
2121 1116 2480 1189 tradediscz·
2491 1172 2511 1203 ,
2547 1120 2820 1189 carceri
2847 1142 3045 1186 man·

928 1258 965 1295 «
1006 1231 1263 1326 cipasti
1273 1282 1294 1321 ,
1323 1254 1658 1328 sponsam
1678 1231 1834 1329 ejus
1859 1235 2163 1331 rapuisti
2171 1286 2200 1326 ,
2227 1230 2461 1303 sedem
2471 1234 2870 1329 pervus-isal
2911 1260 2947 1298 υ

1167 1441 1312 1495 crv.
1334 1470 1410 1483 -
1429 1441 1776 1495 Confirmatio
1795 1454 1850 1496 a
1875 1442 2210 1513 reprehendo
2240 1442 2532 1497 utem-tim
2556 1440 2783 1514 ‹nge-w.

1024 1632 1061 1671 «
1101 1606 1299 1676 Itane
1338 1628 1471 1702 ego
1502 1603 1878 1677 dominum
1900 1658 1920 1697 ,
1961 1605 2163 1701 cujus
2198 1629 2593 1704 numquam
2625 1628 2869 1677 servus
2901 1604 3044 1676 fine-

930 1746 966 1783 «
1000 1718 1134 1788 rim
1152 1771 1171 1809 ,
1220 1718 1339 1789 cui
1384 1719 1596 1790 etiam
1646 1718 1924 1791 nullum
1971 1720 2388 1793 sacrmenti
2431 1744 2652 1816 genus
2709 1741 3048 1815 umquam

929 1866 966 1904 «
1002 1839 1486 1937 praestiterim?
1536 1840 1684 1911 Etsi
1730 1840 1926 1911 enim
1967 1839 2061 1913 ad
2117 1854 2396 1938 tempus
2433 1838 2804 1913 famulatus
2843 1862 3004 1910 sum
3019 1892 3038 1927 ‚

928 1989 963 2027 «
1006 1960 1169 2032 fecit
1207 1959 1353 2033 hoc
1394 1962 1772 2060 imperium
1817 1962 2038 2061 patris
2073 1963 2216 2033 mei
2249 1960 2740 2052 Adalberonis,
2769 1961 2894 2059 qui
2929 1984 3046 2034 me

927 2104 963 2143 «
1004 2076 1077 2149 in
1130 2079 1459 2151 Remensi
1500 2078 1795 2151 ecclesia
1843 2079 2274 2149 commorari
2336 2078 2667 2176 paecepit
2687 2128 2708 2167 ,
2778 2076 3046 2174 quoad-

930 2222 965 2261 «
1008 2218 1233 2290 usque
1276 2193 1631 2292 pontificis
1680 2196 1755 2265 in
1803 2219 1892 2267 ea
1949 2194 2200 2266 sacrati
2251 2218 2488 2267 mores
2531 2208 2868 2291 actusque
2929 2194 3045 2265 di-

930 2332 967 2373 «
1008 2328 1402 2377 noscerem.
1429 2305 1645 2394 Quod
1672 2305 1848 2377 dum
1877 2306 2186 2404 operior,
2225 2304 2539 2377 hostium
2563 2304 2800 2403 praeda
2823 2304 3044 2376 factus

932 2448 971 2487 «
1010 2444 1173 2493 sum
1192 2473 1211 2509 ‚
1248 2436 1320 2492 et
1352 2444 1511 2517 quae
1542 2437 1776 2522 vestra
1813 2404 2295 2495 munificentia
2319 2444 2882 2519 magnorumque
2917 2421 3042 2493 du-

930 2565 966 2603 «
1008 2560 1173 2609 cum
1218 2538 1497 2635 largitas
1532 2538 1719 2610 clara
1765 2554 1836 2611 et
1870 2538 2224 2638 praecipua
2271 2538 2664 2611 contulerat
2677 2592 2699 2629 ,
2735 2536 3045 2610 violenta

932 2680 973 2722 κ
1006 2652 1426 2751 praedonum
1452 2678 1704 2726 manus
1738 2652 2019 2729 abstulit
2037 2711 2056 2747 ‚
2098 2678 2354 2752 meque
2392 2677 2574 2755 pene
2605 2653 2884 2728 nudum
2913 2655 3046 2753 gla-

931 2798 967 2836 «
1009 2768 1144 2840 diis
1188 2771 1331 2842 suis
1382 2783 1700 2869 ereptum
1757 2770 2008 2843 doluit.
2063 2772 2388 2868 Denique
2429 2785 2806 2870 postquam
2847 2771 3044 2843 illum

931 2911 967 2950 «
1011 2897 1405 2981 apostatam
1440 2884 1819 2984 dereliqui,
1847 2887 1994 2960 vias
2042 2901 2113 2958 et
2153 2886 2402 2957 itinera
2443 2885 2593 2983 ejus
2625 2910 2774 2957 non
2809 2885 3048 2958 obser·

932 3027 967 3067 «
1010 3000 1171 3072 vavi
1194 3055 1213 3089 ‚
1243 3027 1375 3074 nec
1410 3001 1726 3101 quolibet
1747 3001 1969 3075 modo
1997 3003 2062 3074 ei
2089 3001 2629 3074 communicavi.
2661 3001 3043 3090 Quomodo

932 3145 968 3183 «
1011 3141 1180 3215 ergo
1228 3144 1392 3190 eum
1455 3119 1709 3192 tradidi
1731 3174 1752 3211 ,
1805 3115 1962 3218 qui‚‘
2011 3118 2134 3192 ubi
2185 3135 2354 3191 tunc
2403 3119 2744 3217 temporis
2797 3119 3007 3192 fiierit
3021 3173 3040 3210 ‚

932 3263 969 3301 «
1011 3235 1321 3308 nescivi?
1350 3235 1491 3307 Sed
1510 3261 1744 3333 neque
1768 3260 1934 3308 eum
1959 3237 2222 3310 carceri
2243 3235 2643 3334 mancipavi
2659 3287 2680 3324 ,
2707 3235 2833 3332 qui
2857 3259 3046 3306 nunc

933 3378 969 3416 «
1009 3375 1239 3454 nuper
1311 3351 1443 3423 sub
1513 3355 1881 3452 praesentia
1955 3351 2269 3426 fidelium
2340 3353 2622 3426 testium
2695 3351 3046 3423 seniorem

936 3495 970 3532 «
1010 3491 1251 3539 meum
1294 3469 1629 3560 conveni,
1676 3483 1756 3541 ut
1787 3482 2081 3567 propter
2112 3492 2229 3541 me
2253 3493 2386 3542 nec
2411 3468 2506 3542 ad
2540 3482 2986 3540 momentum
3017 3467 3033 3504 ¹

936 3613 971 3650 «
1017 3582 1157 3656 ulla
1206 3584 1637 3658 detineretur
1670 3585 2014 3659 custodia.
2055 3588 2128 3660 Si
2173 3586 2367 3658 enim
2409 3585 2786 3658 auctoritas
2823 3598 3049 3656 vestra

936 3727 971 3764 κ
1008 3724 1143 3797 pro
1171 3725 1287 3772 me
1314 3717 1525 3776 staret
1541 3756 1560 3790 ‚
1592 3703 1667 3774 in
1694 3715 1972 3774 tantum
1997 3701 2325 3774 Arnulfus
2349 3701 2750 3791 vilesceret,
2771 3715 2854 3772 ut
2877 3699 3047 3771 mihi

934 3843 973 3883 «
1012 3816 1389 3890 minimum
1444 3819 1705 3891 valeret
1755 3819 2030 3892 obesse.
2074 3819 2292 3906 Quod
2341 3819 2400 3890 si
2447 3819 2800 3890 contraria
2831 3815 3006 3888 mihi
3022 3869 3042 3906 ,

936 3961 971 3999 «
1015 3933 1214 4030 quod
1258 3933 1472 4024 absit,
1521 3937 1866 4009 sententia
1907 3949 2139 4007 vestra
2179 3934 2592 4008 decerneret
2607 3989 2628 4025 ‚
2672 3933 2849 4030 quid
2893 3955 3048 4004 mea

938 4078 973 4115 «
1016 4050 1414 4142 interesset,
1454 4067 1695 4125 utrum
1721 4051 2078 4142 Amulius,
2115 4075 2206 4123 an
2243 4051 2418 4124 alius
2455 4054 2840 4124 Remorum
2877 4073 3050 4120 oon-

1006 4275 1025 4306 ¹
1064 4275 1131 4328 ad
1156 4276 1411 4330 monitum
1436 4278 1519 4330 ed.
