3459 5375
855 543 978 601 270
1582 538 1773 599 luen
1783 538 1912 599 Em
1957 536 2104 599 LlB.
2153 538 2263 598 lv.

1394 744 1695 799 LXXXVI.
1719 775 1794 787 -
1809 745 2112 807 Imm-sectio
2127 744 2162 782 ²*
2183 744 2391 799 Gonani
2411 747 2463 797 ⁸.

957 916 1192 999 Quem
1218 933 1385 981 cum
1420 910 1585 1007 fuga
1622 911 2028 1007 exagitaret,
2066 914 2400 981 Conanus
2435 910 2722 980 interim
2759 910 2833 980 in
2869 911 2995 983 du-

860 1044 1133 1101 metum
1170 1052 1335 1099 cum
1386 1026 1609 1097 tribus
1657 1050 1811 1098 sese
1855 1026 2124 1123 recepit
2141 1080 2161 1116 ,
2218 1026 2575 1123 armisque
2619 1026 2956 1125 depositis
2974 1086 2992 1119 ,

859 1146 1181 1244 corporis
1208 1144 1560 1215 fervorem
1595 1142 1689 1214 ad
1722 1167 1972 1215 auram
2011 1143 2398 1240 mitigabat.
2440 1147 2675 1230 Quem
2709 1143 3001 1241 quidam

863 1262 1429 1336 adversariorum
1470 1260 1799 1352 intuituS,
1871 1260 2055 1334 facto
2114 1260 2386 1360 impetu
2430 1260 2629 1331 illum
2675 1254 2996 1353 adorsuS,

862 1380 1095 1479 gladio
1140 1376 1503 1468 transfixit,
1550 1379 2022 1476 Fulconisque
2061 1378 2430 1450 victoriam
2478 1376 2742 1449 extulit.
2786 1378 3000 1451 Fulco

862 1497 1103 1567 animo
1128 1509 1518 1593 resumptO,
1554 1498 1842 1567 Namtas
1877 1495 2157 1594 repetit,
2190 1510 2403 1593 atque
2426 1494 2843 1592 ingreditur,
2882 1498 3004 1594 qui

861 1612 937 1683 in
986 1635 1148 1684 arce
1201 1627 1401 1683 erant
1446 1612 1701 1683 acriter
1746 1634 2033 1683 vexans.
2087 1611 2228 1699 Qui
2280 1611 2600 1710 principe
2652 1596 2998 1703 destituti,

862 1754 1048 1831 pene
1091 1730 1477 1821 exanimeS,
1522 1729 1968 1828 impugnanti
2015 1713 2307 1820 cedunt,
2357 1727 2719 1827 fidemque
2761 1744 3002 1827 postu-

862 1846 987 1919 lati
1013 1846 1300 1919 faciunt.

863 2044 1175 2101 LXXXVII
1182 2086 1195 2101 .
1214 2076 1287 2089 -—
1307 2045 1610 2118 Repudium
1623 2046 1688 2082 *ὓ
1722 2046 1915 2118 reginoe
1930 2046 1994 2083 Ψ*
2017 2047 2265 2102 Susanna
2289 2066 2322 2100 a
2336 2046 2401 2082 ³¹*
2429 2066 2550 2118 rege
2565 2046 2631 2083 0*
2651 2014 2906 2101 Rotberto
2919 2048 2999 2101 ss.

960 2210 1085 2279 His
1106 2208 1204 2279 ita
1230 2232 1382 2280 sese
1415 2205 1868 2296 habentibuS,
1914 2207 2293 2280 Rotbertus
2329 2233 2454 2281 rex
2479 2233 2647 2280 cum
2677 2209 2749 2279 in
2780 2208 3002 2281 unde·

864 2325 1200 2398 vicesimo
1228 2325 1450 2397 aetatis
1482 2349 1677 2397 anno
1708 2326 2100 2421 juventutis
2125 2326 2304 2397 flore
2327 2341 2658 2399 vernaret
2679 2381 2699 2418 ,
2746 2329 2999 2398 Susan-

867 2468 1037 2515 nam
1087 2466 1423 2532 uxorem,
1469 2466 1727 2542 genere
1779 2441 2094 2515 Italicam
2117 2496 2136 2532 ,
2185 2464 2274 2513 eo
2325 2442 2525 2539 quod
2575 2466 2752 2515 anus
2797 2459 2998 2533 esset,

867 2560 1052 2631 facto
1081 2546 1389 2630 divortio
1414 2558 1837 2657 repudiavit.
1881 2562 2055 2646 Quae
2095 2558 2491 2657 repudiata,
2531 2585 2696 2631 cum
2735 2586 2821 2633 ea
2854 2586 3005 2659 quae

870 2701 956 2750 ex
991 2677 1161 2749 dote
1202 2691 1573 2776 acceperat
1615 2658 1938 2774 repetere
1964 2676 2176 2750 vellet
2198 2732 2218 2768 ,
2271 2701 2406 2749 nec
2445 2678 2515 2749 ei
2555 2704 2676 2751 rex
2727 2678 3006 2778 adquie-

866 2807 1115 2882 sceret,
1155 2791 1491 2863 aliorsum
1522 2792 1845 2863 animum
1885 2793 2310 2865 transvertit.
2353 2797 2412 2864 A
2432 2817 2577 2890 qua
2612 2793 2827 2865 etiam
2862 2793 3000 2886 die,

868 2935 997 2981 sua
1046 2934 1367 3007 quaerens
1382 2961 1402 2999 ,
1444 2909 1591 3006 regi
1624 2907 1914 2980 insidias
1959 2909 2405 2982 moliebatur.
2441 2913 2622 2982 Nam
2661 2915 3006 2983 Monaste·

867 3025 1129 3098 riolum
1155 3041 1470 3098 castrum
1502 3026 1704 3124 quod
1741 3028 1818 3098 iu
1854 3025 2026 3099 dete
2069 3042 2467 3125 acceperat,
2507 3027 2602 3099 ad
2651 3053 2861 3100 suum
2894 3029 3007 3125 jus

867 3148 1243 3221 refundere
1278 3150 1597 3248 cupien5‚
1654 3175 1820 3220 cum
1872 3149 1947 3221 id
1992 3147 2271 3222 efficere
2322 3175 2469 3222 non
2511 3166 2777 3249 posset,
2809 3175 3008 3223 secus

806 3261 811 3268 ’
869 3289 1037 3336 eum
1063 3265 1257 3338 aliud
1282 3267 1574 3338 nomine
1601 3267 1655 3337 ¹.
1760 3267 2098 3358 extruxit3
2141 3291 2306 3364 rege
2332 3269 2618 3340 interim
2653 3284 3006 3367 occupato

869 3380 1059 3452 circa
1094 3382 1370 3454 Odonis
1414 3397 1483 3452 et
1500 3381 1838 3454 -Fulconis
1863 3382 2202 3456 facinora.
2241 3388 2342 3454 Ex
2381 3384 2584 3480 cujus
2613 3383 3010 3457 munitione

869 3498 1339 3574 arbitrabatur
1400 3524 1611 3598 posse
1668 3525 1964 3572 omnem
2025 3503 2318 3578 navium
2395 3501 3006 3575 convectationem

826 3639 833 3644 ·
870 3614 1260 3712 prohiberi,
1303 3601 1471 3687 cum
1520 3615 1655 3687 sibi
1704 3615 2162 3690 advenientes
2214 3641 2364 3690 sese
2407 3619 2606 3717 prius
2641 3617 2999 3708 offerrent,

870 3732 1065 3804 unde
1091 3749 1163 3805 et
1182 3734 1283 3805 eis
1307 3733 1681 3806 transitum
1704 3733 2000 3806 ulterius
2031 3733 2354 3807 inhibere
2379 3735 2665 3808 valeret.

940 3955 973 3988 '⁵
1009 3955 1071 4005 In
1090 3993 1107 4019 ,
1142 3953 1223 4007 Co
1244 3953 1453 4006 abscisa.

940 4037 1003 4071 ³¹*
1038 4039 1145 4102 Re,
1172 4057 1227 4090 re
1249 4077 1265 4103 ,
1291 4057 1351 4103 a,
1378 4057 1440 4104 r,
1474 4039 1623 4091 berto
1648 4038 1855 4089 abscisa.

943 4123 958 4152 ¹
996 4121 1130 4173 locus
1160 4141 1365 4173 vacum.
