3459 5375
844 543 962 604 168
1563 545 1900 608 RICHERI
1945 547 2095 608 LIB.
2144 549 2254 609 IV.

1254 725 1467 780 xvm.
1492 757 1565 770 —
1585 729 1821 802 Impetus
1844 733 1873 765 ⁸
1901 729 2139 802 lingonis
2164 731 2221 782 in
2237 729 2271 765 θ’
2301 730 2581 784 Kar-olum.

939 894 1116 980 Quae
1145 890 1323 964 dum
1359 909 1666 992 aguntur
1707 919 1959 992 regum
2008 894 2298 966 auribus
2343 893 2577 966 delata
2622 909 2813 966 sunt.
2856 896 2997 982 Qui

847 1007 1461 1084 vehementissime
1511 1012 1690 1083 moti
1706 1065 1727 1102 ,
1790 1036 1940 1083 non
1992 1027 2231 1084 tamen
2282 1012 2625 1112 praecipiti
2682 1014 2953 1112 impetu
2970 1067 2992 1103 ,

844 1124 1000 1217 sed,
1047 1141 1130 1198 ut
1161 1127 1237 1198 in
1273 1127 1610 1201 omnibus
1645 1128 2005 1221 solebant,
2048 1155 2264 1229 super
2302 1129 2445 1201 hoc
2470 1129 3005 1228 diligentissime

845 1242 1465 1339 consultaverunt3
1500 1261 1887 1345 utcumque
1926 1249 2139 1320 etiam
2172 1246 2411 1320 cordis
2436 1245 2765 1320 dolorem
2802 1245 3008 1318 dissi-

846 1359 1240 1434 mulabant.
1315 1367 1612 1462 Legatos
1681 1389 2261 1462 quaquaversum
2342 1363 2680 1462 dirigunt.
2758 1362 3013 1436 Gallos

848 1501 1036 1574 quos
1057 1477 1228 1552 hinc
1261 1481 1620 1568 Matrona,
1645 1479 1815 1554 inde
1839 1481 2064 1554 abluit
2089 1484 2432 1553 Garunna
2450 1534 2471 1573 ,
2502 1495 2755 1552 contra
2780 1481 3001 1552 tiran-

849 1617 1029 1665 num
1066 1594 1390 1668 invitant.
1444 1597 1776 1685 Quibus
1756 1622 1833 1669 m
1860 1622 2089 1670 unum
2113 1597 2378 1669 coactis
2412 1621 2582 1668 cum
2618 1597 3007 1668 exercitum

851 1708 1337 1808 collegissent,
1377 1712 1871 1787 deliberabant
1908 1739 2003 1786 an
2029 1713 2287 1786 urbem
2312 1713 2618 1812 aggressi
2645 1736 3013 1812 expugna·

851 1841 1014 1899 rent
1059 1843 1448 1928 antequam
1489 1831 1582 1904 ab
1629 1830 1956 1905 hostibus
2000 1831 2467 1931 amplioribus
2502 1830 2729 1929 copiis
2777 1827 3013 1901 muni-

853 1955 1075 2037 retur,
1115 1960 1188 2019 et
1211 1961 1610 2048 expugnata
1645 1948 2008 2020 tirannum
2044 1945 2555 2038 confoderent;
2596 1969 2686 2018 eo
2722 1943 2925 2042 quod
2948 1945 3012 2015 si

853 2061 918 2131 is
983 2060 1443 2135 solummodo
1503 2079 1754 2164 captus
1813 2075 1963 2138 aut‘
2006 2065 2279 2163 occisus
2343 2062 2564 2155 foret,
2627 2087 2799 2134 mox
2858 2085 3014 2134 sese

857 2201 1161 2274 regnum
1195 2179 1434 2275 quiete
1468 2179 1839 2254 habituros
1860 2235 1882 2273 ‚
1934 2204 2025 2253 an
2070 2207 2238 2253 cum
2276 2179 2759 2253 benivolentia
2798 2177 3013 2250 susci-

857 2308 1114 2391 perent
1143 2293 1539 2395 supplicem
1561 2350 1581 2388 ,
1623 2298 1684 2368 si
1737 2295 1919 2369 forte
1953 2297 2013 2368 is
2048 2321 2125 2368 se
2167 2295 2563 2395 supplicem
2612 2293 2969 2366 conferret
2984 2347 3006 2384 ‚

863 2425 940 2482 et
970 2410 1171 2485 dono
1191 2437 1443 2510 regum
1465 2439 1542 2486 se
1565 2439 1781 2514 posse
1808 2430 2049 2487 tenere
2074 2438 2187 2486 res
2208 2438 2542 2513 pervasas
2569 2425 3007 2512 exposceret.

861 2531 951 2599 At
983 2527 1110 2623 qui
1143 2529 1432 2600 acrioris
1457 2530 1677 2602 animi
1714 2544 1788 2602 et
1820 2530 2320 2602 constantioris
2352 2528 2549 2602 fuere
2566 2583 2587 2622 ,
2628 2527 3019 2601 censebant

864 2641 1018 2715 fore
1043 2641 1414 2719 'obsidioni
1437 2643 2005 2718 incombendum
2022 2701 2042 2737 ‚
2079 2644 2321 2718 hostes
2347 2643 2707 2743 urgendos
2728 2698 2750 2737 ,
2790 2645 3021 2743 regio—

865 2784 1036 2833 nem
1070 2762 1284 2833 etiam
1323 2786 1542 2859 quam
1577 2779 2036 2863 pervaserant
2078 2765 2238 2861 igne
2272 2765 2559 2862 penitus
2594 2786 3021 2836 consumen-

866 2876 1060 2951 dam.
1103 2878 1432 2951 Collectis
1467 2881 1706 2978 itaque
1743 2906 1862 2953 sex
1898 2879 2184 2952 milibus
2220 2881 2543 2977 equitum
2567 2933 2587 2969 ,
2619 2880 2696 2950 in
2734 2877 3021 2949 hostem

865 2995 1164 3069 vadunt.
1195 2999 1544 3095 Tempore
1583 3012 1847 3069 statuto
1875 2997 2127 3070 urbem
2152 3011 2537 3097 appetunt3
2571 2995 3021 3068 obsidionem

869 3109 1306 3211 disponunt3
1345 3112 1734 3211 castrisque
1778 3111 1939 3188 loca
1982 3113 2226 3186 metati
2250 3166 2272 3205 ,
2326 3111 2530 3185 fossis
2556 3126 2629 3185 et
2654 3108 3025 3210 aggeribus

868 3226 1156 3318 vallant.

1874 3357 2028 3410 xlx.
2092 3426 2095 3434 Ι

965 3499 1104 3572 Ubi
1155 3524 1324 3572 cum
1383 3499 1636 3572 diebus
1707 3499 1947 3571 multis
1998 3498 2391 3571 resederint
2406 3553 2427 3590 ‚
2494 3498 2672 3571 nihil
2715 3499 2977 3571 virium
2996 3553 3016 3589 ,

881 3616 1061 3689 nihil
1106 3616 1582 3689 damnationis
1628 3617 1705 3687 in
1742 3615 1985 3687 hostes
2024 3640 2310 3688 exerere
2342 3616 2763 3708 valuerunt3
2820 3630 3019 3689 tanta

867 3736 1252 3810 eminentia
1313 3748 1384 3808 et
1441 3734 1746 3809 laterum
1795 3732 2197 3829 objectione
2254 3730 2424 3805 urbs
2458 3731 3028 3832 inexpugnabilis.

868 3870 1043 3933 erat.
1078 3856 1246 3928 Dies
1279 3854 1492 3927 etiam
1518 3850 1961 3925 autumnales
1998 3848 2328 3923 breviore
2353 3850 2621 3922 circulo
2648 3849 2880 3940 ducti,
2910 3848 3025 3922 his

867 3972 1210 4046 exercitiis
1271 3996 1423 4042 non
1487 3968 1950 4042 sufficiebant.
2025 3973 2281 4040 Noctes
2342 3992 2631 4065 quoque
2686 3965 2977 4065 prolixae
2998 4020 3021 4055 ,

867 4089 1096 4163 multo
1132 4088 1244 4161 sui
1277 4101 1598 4187 tempore
1650 4086 1894 4189 vigiles
1946 4084 2370 4161 afficiebant.
2415 4084 2622 4157 Unde
2662 4109 2831 4157 cum
2881 4082 3029 4183 pri-

939 4294 971 4330 *
1005 4294 1066 4360 Ι,
1093 4292 1150 4347 in
1173 4291 1382 4346 abscisa.
