3459 5375
943 517 1023 579 38
1453 478 1460 489 ’
1657 515 1992 577 mentem
2039 514 2192 576 Lm.
2240 516 2361 577 111.

945 678 982 717 «
1023 645 1618 748 prehendendum
1667 664 1807 739 est,
1865 673 2034 721 cum
2082 673 2217 719 nec
2260 647 2539 745 ignavia
2592 670 2727 719 nos
2770 650 3088 749 praecipi-

943 795 980 834 ι(
1023 765 1276 837 taverit
1291 819 1310 854 ‚
1366 789 1498 837 nec
1537 766 1782 866 inopia
1823 764 1917 837 ad
1960 764 2035 836 id
2072 762 2452 865 impulerit.
2516 792 2551 831 υ

1183 984 1392 1037 XXXV
1403 1024 1414 1037 .
1433 1012 1507 1025 --
1531 982 1712 1038 Item*
1736 981 2075 1053 indignatio*
2094 981 2331 1054 primatis
2345 981 2376 1016 *³
2398 981 2457 1033 in
2478 980 2766 1035 monachos
2778 980 2831 1031 θ.

1035 1154 1070 1194 α
1115 1130 1290 1213 Quae
1325 1127 1518 1197 enim
1553 1125 1660 1197 vis
1707 1124 2031 1225 impulit,
2084 1140 2167 1197 ut
2218 1124 2617 1197 monachus
2668 1126 2855 1198 intra
2892 1124 3081 1198 clau-

939 1276 974 1315 κ
1017 1262 1160 1319 stra
1226 1248 1636 1319 monasterii
1702 1246 2082 1318 dominicis
2152 1232 2450 1317 servitiis
2523 1245 3039 1347 mancipandus
3053 1302 3072 1337 ‚

935 1394 971 1431 «
1013 1380 1456 1464 compatrem
1509 1362 1839 1451 habeats
1830 1376 1939 1435 ·et
2004 1377 2372 1461 compater
2435 1361 2757 1435 dicatur?
2824 1368 2959 1455 Et,
3028 1389 3075 1436 o

935 1511 970 1548 α
1014 1497 1364 1578 quantum
1411 1496 1660 1553 nostro
1715 1478 1952 1552 ordini
1993 1477 2409 1569 dissentiat,
2464 1479 2927 1553 considerate.
2972 1470 3071 1573 Si,

933 1624 969 1664 α
1013 1595 1310 1692 inquam
1329 1648 1350 1687 ,
1405 1608 1775 1692 compater
1836 1609 1944 1665 est
1962 1647 1983 1687 ,
2044 1608 2126 1664 ut
2194 1618 2236 1665 a
2298 1593 2657 1666 verisimili
2704 1594 3075 1694 probabile

931 1741 966 1779 α
1011 1710 1301 1783 efferam
1319 1764 1338 1801 ,
1389 1734 1558 1782 cum
1602 1734 1692 1781 eo
1737 1710 1864 1808 qui
1918 1724 2121 1809 pater
2165 1724 2277 1781 est
2326 1711 2477 1810 ipse
2546 1725 2654 1783 est
2714 1726 2785 1783 et
2842 1727 3065 1812 pater.

931 1858 967 1897 «
1009 1829 1084 1900 Si
1123 1852 1296 1901 vero
1349 1842 1551 1926 pater
1597 1843 1738 1919 est,
1789 1825 2018 1900 filium
2060 1827 2175 1900 vel
2214 1825 2435 1901 filiam
2473 1827 2736 1901 habere
2772 1827 3073 1901 dubium

933 1972 970 2011 α
1015 1968 1166 2015 non
1209 1958 1336 2015 est.
1383 1943 1591 2015 Unde
1645 1960 1718 2016 et
1761 1958 2108 2016 scortator
2142 1944 2381 2042 potius
2418 1968 2637 2043 quam
2674 1945 3097 2017 monachus·

929 2090 967 2129 «
1007 2060 1354 2133 dicendus
1407 2075 1535 2132 est.
1607 2059 1751 2133 Sed
1820 2060 1997 2157 quid
2057 2059 2175 2151 de,
2216 2060 2655 2133 commatre?
2726 2060 2921 2149 Quid
2994 2063 3069 2133 in

929 2206 965 2247 e<
1013 2178 1157 2250 hoc
1205 2178 1500 2250 nomine
1547 2201 1589 2249 a
1631 2175 2066 2250 secularibus
2122 2178 2613 2277 perpenditur,
2671 2179 2809 2251 nisi
2856 2183 3073 2280 turpi·

929 2324 964 2363 «
1007 2294 1273 2367 tudinis
1337 2296 1865 2367 consentanea?
1921 2298 2075 2367 Hoc
2127 2294 2289 2367 licet
2342 2296 2721 2369 verisimile
2772 2296 3017 2369 dicens
3042 2353 3062 2389 ,

928 2444 963 2480 «
1009 2394 1442 2485 secularibus
1487 2438 1639 2485 non
1681 2412 2067 2512 praejudico
2085 2467 2103 2503 ‚
2169 2414 2295 2485 sed
2346 2416 2593 2485 nostro
2647 2413 2884 2486 ordini
2942 2414 3067 2487 illi-

930 2556 966 2595 «
1007 2530 1144 2599 cita
1193 2526 1673 2626 reprehendo.
1731 2526 1949 2615 Quod
1999 2528 2167 2625 quia
2201 2529 2525 2628 ineptum
2568 2528 2872 2623 videtur,
2914 2554 3066 2601 ves-

929 2673 964 2712 «
1009 2657 1117 2716 tra
1149 2644 1725 2716 interminatione
1764 2642 2239 2717 inhibendum
2283 2660 2409 2718 est.
2468 2674 2503 2714 »
2556 2646 2679 2719 His
2720 2670 3065 2722 veneran-

929 2789 965 2826 «
1010 2758 1146 2830 dus
1218 2761 1810 2859 metropolitanus
1890 2761 2323 2859 subjungens
2396 2789 2411 2832 :
2485 2791 2520 2830 «
2552 2771 2557 2776 ’
2589 2763 2661 2833 Si
2734 2791 2768 2831 n
2834 2764 3063 2861 inquit

927 2905 963 2944 α
1005 2875 1238 2976 placet
1271 2876 1528 2948 sinodo
1545 2931 1563 2967 ‚
1619 2876 2103 2950 interdicetur.
2154 2907 2190 2946 n
2238 2877 2548 2950 Sinodus
2582 2878 2757 2951 dixit
2788 2907 2803 2950 ε
2862 2909 2898 2949 «
2948 2885 3061 2951 In-

926 3023 961 3060 «
1006 2990 1411 3064 tel-dicatur.
1468 3020 1504 3058 »
1557 2993 2083 3091 Metropolitani
2132 2996 2371 3093 itaque
2402 2999 2815 3070 auctoritate
2832 3051 2851 3088 ‚
2906 3022 3060 3069 om-

917 3111 1119 3182 nium
1145 3134 1502 3182 consensu
1539 3109 1921 3183 inhibitum
1964 3126 2091 3184 est.

1335 3331 1597 3385 XXXVI.
1616 3360 1689 3372 —-
1712 3329 1956 3385 Secunda
1970 3331 2037 3367 θ’*
2066 3332 2304 3404 primatis
2326 3333 2552 3406 objectio
2567 3333 2657 3386 fl·

1011 3478 1418 3572 Rursusque
1453 3475 1721 3572 primas
1748 3500 2041 3547 exorsus
2072 3503 2087 3546 :
2126 3505 2161 3544 «
2195 3475 2527 3550 Adhuc»
2558 3478 2789 3574 inquit
2827 3505 2863 3544 «
2902 3501 3060 3548 nos-

918 3617 954 3656 «
996 3602 1108 3660 tro
1169 3588 1409 3662 ordini
1471 3589 1759 3663 inimica
1815 3591 2199 3690 proferam.
2262 3597 2341 3664 In
2402 3619 2548 3691 quo
2594 3594 2886 3692 quidam
2953 3592 3057 3664 di·

915 3735 950 3772 «
993 3721 1415 3797 noscuntur,
1467 3705 1726 3804 quibus
1766 3733 1925 3779 mos
1958 3709 2283 3802 inolevit,
2333 3727 2412 3783 ut
2446 3711 2578 3783 soli
2614 3735 2657 3782 a
2700 3726 3055 3782 monaste-

912 3848 948 3886 «
992 3819 1114 3891 riis
1158 3820 1612 3917 egrediantur
1637 3822 1691 3913 ⁴,
1750 3821 1883 3894 soli
1934 3823 2101 3897 foris
2163 3825 2362 3899 nullo
2416 3827 2523 3898 sui
2578 3827 2814 3925 operis
2877 3839 3051 3898 teste

975 4076 1008 4112 θ’
1045 4079 1072 4129 1
1092 4116 1109 4143 ,
1133 4077 1228 4132 ind
1243 4119 1259 4146 ,
1283 4081 1484 4151 prima,
1519 4083 1748 4136 monach
1771 4084 1977 4137 abscisa.

972 4161 1035 4197 *Ψ
1069 4162 1327 4232 secunda,
1361 4166 1450 4238 obj
1476 4166 1683 4220 abscisa.

978 4247 991 4273 ¹
1033 4261 1221 4301 exeant
1242 4269 1366 4302 corr.
1399 4249 1751 4323 egrediantur.
