3459 5375
932 578 1015 637 90
1640 576 1988 645 RchEm'
2015 580 2166 643 LIB.
2213 582 2333 643 111.

1504 758 1753 846 LXXVI.
1771 792 1846 804 —
1858 762 2233 817 Monomchia
2253 760 2501 816 duorum.

1030 910 1214 978 Cum
1245 929 1414 1005 ergo
1445 921 1740 1006 uterque
1777 910 2124 983 exercitus
2151 905 2373 981 dubio
2397 920 2579 979 esset
2603 919 2786 978 statu
2803 958 2824 996 ,
2876 922 2948 978 et
2979 905 3070 978 de

933 1020 1229 1095 victoria
1267 1022 1683 1097 altrinsecus
1724 1036 1875 1098 tota
1913 1039 2152 1097 mente
2188 1036 2644 1121 quaereretur,
2673 1024 3072 1095 Germanus

934 1139 1229 1235 quidam
1270 1142 1511 1213 animo
1560 1141 1774 1218 simul
1817 1157 1888 1215 et
1931 1138 2202 1215 viril-ius
2251 1140 2482 1213 fidens
2503 1192 2524 1231 ,
2573 1138 2943 1237 singularis
2979 1136 3072 1209 ad

935 1255 1427 1330 dimicandum
1450 1284 1621 1349 cum
1654 1260 1867 1334 amnis
1891 1260 2260 1359 processit,
2285 1282 2579 1359 seseque
2606 1258 2698 1329 ad
2733 1272 3032 1356 pontem
3045 1260 3082 1343 ί

932 1372 1061 1445 ubi
1105 1390 1327 1472 portoe
1399 1392 1603 1449 erant
1644 1378 1996 1478 repagulis
2050 1393 2122 1450 et
2184 1378 2399 1450 clavis
2446 1376 2688 1450 ferreis
2737 1376 3028 1449 munitae
3045 1414 3082 1463 ,-

930 1513 1478 1587 congressurum
1528 1495 1765 1566 solum
1805 1516 1973 1567 cum
2007 1496 2164 1568 solo
2202 1494 2484 1569 obtulit.
2528 1500 2824 1566 Hostem
2852 1506 2932 1563 ut
2961 1516 3076 1565 ve-

932 1607 1120 1678 niret
1150 1608 1521 1705 singularis
1568 1600 2058 1711 saepenumero
2103 1612 2528 1685 inclamavit.
2590 1614 2680 1682 Et
2721 1635 2886 1697 cum
2919 1609 3071 1705 jam

931 1727 1007 1798 in
1043 1728 1413 1801 Gallorum
1447 1745 1948 1831 contemptum
1984 1733 2312 1833 quaedam
2348 1733 2725 1807 maledicta
2758 1730 3073 1804 effunde-

930 1856 1041 1915 ret
1057 1899 1076 1936 ‚
1142 1870 1276 1918 nec
1328 1846 1579 1946 aliquis
1625 1852 1689 1922 ei
1739 1851 2209 1949 responderet
2231 1906 2250 1943 ‚
2333 1877 2462 1951 per
2516 1847 2848 1924 custodes
2907 1847 3072 1920 duci

932 1958 1223 2059 aliisque
1245 1964 1684 2065 principibus
1708 1968 1835 2065 qui
1854 1968 2005 2064 jam
2032 1970 2244 2067 pauci
2270 1967 2731 2058 advenerant,
2772 1964 3073 2037 relatum
3119 1987 3122 1990 ·

933 2089 1069 2171 est,
1120 2078 1211 2149 ad
1256 2097 1499 2179 portas
1543 2084 1785 2182 pontis
1820 2083 2236 2181 hujusmodi
2288 2110 2442 2157 esse
2481 2083 2850 2155 hominem
2870 2134 2890 2171 ‚
2944 2080 3072 2178 qui

932 2220 1085 2267 sese
1116 2194 1209 2267 ad
1244 2196 1737 2272 dimicandum
1773 2200 2219 2299 singulariter
2253 2199 2490 2278 solum
2523 2224 2689 2271 cum
2727 2198 2883 2269 solo
2912 2221 3074 2295 pro-

932 2308 1234 2409 poneret
1251 2368 1271 2405 ,
1343 2314 1687 2415 illumque
1735 2317 2018 2417 probris
2061 2333 2133 2390 et
2167 2306 2628 2389 'contumeliis
2684 2314 3072 2387 verborum

932 2428 1311 2527 principes·
1334 2429 1656 2505 lacessire
1678 2488 1698 2525 ,
1716 2486 1729 2499 ,
1749 2460 1883 2506 nec
1917 2434 2120 2505 illum
2181 2434 2350 2512 inde
2394 2458 2838 2507 recessurum
2889 2456 3066 2523 esse,

931 2545 1066 2615 nisi
1107 2561 1231 2618 aut
1272 2548 1740 2647 singulariter·
1768 2550 2270 2650 congrediatur
2289 2606 2309 2643 ,
2375 2566 2500 2623 aut
2554 2551 2780 2652 portis
2835 2550 3073 2621 incisis

928 2674 1120 2734 totus
1188 2666 1532 2738 exercitus
1585 2668 2126 2742 intromittatur.
2195 2674 2357 2741 Dux
2405 2695 2573 2768 cum
2635 2665 3072 2769 principibus

930 2781 1119 2855 hanc
1167 2788 1677 2860 contumeliam
1723 2815 1874 2862 non
1914 2790 2182 2882 serem,
2224 2791 2493 2886 tirones
2543 2791 2560 2827 ⁴
2621 2791 2948 2862 hortatur
2991 2802 3071 2859 ut

932 2899 1286 2975 furentem
1342 2904 1370 2941 ²
1417 2906 1796 3005 repellant,
1847 2923 1920 2980 et
1963 2933 2002 2980 a
2044 2923 2240 2980 tanta
2277 2910 2669 3007 ignominia
2717 2907 2997 3007 purgati
3035 2904 3061 2942 ⁸

933 3025 1245 3096 nominis
1269 3026 1568 3124 gloriam
1585 3029 1720 3101 sibi
1745 3031 2096 3104 affectent.
2125 3036 2292 3104 Mox
2316 3057 2533 3129 quam
2558 3029 2796 3130 plures
2823 3031 3065 3102 animo

932 3137 1261 3214 ardentes
1283 3197 1302 3234 ‚
1359 3144 1452 3215 ad
1504 3147 1980 3219 resistendum
2037 3174 2190 3221 sese
2239 3147 2675 3221 obtulerunt.
2727 3152 2915 3246 Ergo
2977 3145 3068 3218 de

932 3260 1255 3360 pluribus
1311 3292 1497 3338 unus
1544 3267 1808 3342 electus
1828 3324 1847 3361 ‚
1905 3275 2028 3342 lvo
2051 3271 2106 3360 ⁴,
2156 3294 2662 3370 congressurus
2716 3269 3060 3369 procedit.

936 3380 1296 3452 Premium
1340 3383 1472 3455 viri
1523 3383 1722 3457 fortis
1779 3388 2229 3486 propositum
2283 3402 2430 3479 est3
2475 3403 2547 3460 et
2589 3385 2840 3458 ablatis
2871 3410 3070 3485 repa-

934 3493 1112 3591 gulis
1128 3551 1149 3587 ,
1216 3515 1441 3597 portae
1491 3501 1858 3600 patefactae
1920 3519 2108 3575 sunt.
2193 3505 2522 3578 Procedit
2581 3503 2714 3576 sibi
2783 3502 3068 3574 obviam

935 3617 1157 3691 hostis
1184 3636 1505 3720 uterque.
1541 3624 1681 3710 Qui
1709 3624 2006 3721 objectis
2029 3625 2296 3726 clipeiS,
2319 3626 2613 3724 telisque
2635 3625 3062 3710 obnitentes,

937 3753 1176 3810 mente
1212 3737 1462 3812 furiata
1484 3765 1717 3840 pauca
1743 3740 2138 3817 admodum
2162 3745 2428 3845 probra
2463 3743 2598 3817 sibi
2622 3741 3062 3840 objecerunt.

1011 3985 1026 4016 ¹
1068 3985 1254 4038 milites
1276 3999 1325 4038 et
1347 4006 1495 4059 supm
1515 3989 1598 4042 vel
1626 3989 1822 4042 tirones
1847 3989 2021 4042 codes.

1005 4069 1029 4100 ⁵
1060 4083 1120 4122 nt
1142 4087 1327 4122 canem
1346 4071 1622 4125 lau-ntem
1649 4093 1775 4126 con.
1803 4076 2079 4127 furentem.

1005 4155 1027 4185 ³
1062 4154 1102 4208 i.
1130 4172 1239 4206 non
1262 4155 1433 4208 solum
1452 4173 1580 4208 sese.
1605 4156 1696 4210 sed
1729 4171 1783 4210 et
1817 4171 1982 4212 totam
2005 4172 2211 4230 gentem
2233 4177 2382 4212 mm
2405 4159 2714 4214 emundent.
2742 4179 2803 4214 ac
2826 4179 2922 4232 per
2949 4161 3071 4216 infi-

936 4239 1046 4291 nita
1070 4251 1311 4310 tempora
1332 4237 1513 4290 deleta.

1006 4320 1027 4351 ⁴
1062 4340 1164 4374 vox
1184 4321 1349 4374 linem
1377 4324 1639 4394 majuscula
1661 4328 1842 4396 scripta
1861 4365 1876 4388 ,
1909 4327 2038 4377 linea
2068 4325 2307 4378 subducta
2329 4325 2478 4379 deleri
2501 4327 2721 4380 videtur.
