<?xml version="1.0" encoding="UTF-8"?>
<!DOCTYPE html PUBLIC "-//W3C//DTD XHTML 1.0 Transitional//EN"
    "http://www.w3.org/TR/xhtml1/DTD/xhtml1-transitional.dtd">
<html xmlns="http://www.w3.org/1999/xhtml" xml:lang="en" lang="en">
 <head>
  <title>
</title>
<meta http-equiv="Content-Type" content="text/html;charset=utf-8" />
  <meta name='ocr-system' content='tesseract 3.04.00' />
  <meta name='ocr-capabilities' content='ocr_page ocr_carea ocr_par ocr_line ocrx_word'/>
</head>
<body>
  <div class='ocr_page' id='page_1' title='image "./richerhistoired03parigoog_0292.png"; bbox 0 0 3459 5375; ppageno 0'>
   <div class='ocr_carea' id='block_1_1' title="bbox 935 540 2318 607">
    <p class='ocr_par' dir='ltr' id='par_1_1' title="bbox 935 540 2318 607">
     <span class='ocr_line' id='line_1_1' title="bbox 935 540 2318 607; baseline -0.003 0"><span class='ocrx_word' id='word_1_1' title='bbox 935 546 1059 607; x_wconf 78' lang='lat'><strong>280</strong></span> <span class='ocrx_word' id='word_1_2' title='bbox 1630 540 1964 601; x_wconf 74' lang='lat' dir='ltr'><strong>mcnssm</strong></span> <span class='ocrx_word' id='word_1_3' title='bbox 2008 540 2162 603; x_wconf 77' lang='lat' dir='ltr'><strong>mn.</strong></span> <span class='ocrx_word' id='word_1_4' title='bbox 2209 541 2318 603; x_wconf 78' lang='lat' dir='ltr'><strong>lv,</strong></span> 
     </span>
    </p>
   </div>
   <div class='ocr_carea' id='block_1_2' title="bbox 924 668 3076 4060">
    <p class='ocr_par' dir='ltr' id='par_1_2' title="bbox 924 668 3072 2028">
     <span class='ocr_line' id='line_1_2' title="bbox 934 668 3072 767; baseline -0.001 -20"><span class='ocrx_word' id='word_1_5' title='bbox 934 700 1123 767; x_wconf 89' lang='lat' dir='ltr'><strong>rum,</strong></span> <span class='ocrx_word' id='word_1_6' title='bbox 1156 689 1230 745; x_wconf 91' lang='lat' dir='ltr'><strong>at</strong></span> <span class='ocrx_word' id='word_1_7' title='bbox 1262 687 1515 744; x_wconf 88' lang='lat' dir='ltr'><strong>contra</strong></span> <span class='ocrx_word' id='word_1_8' title='bbox 1554 672 1924 746; x_wconf 88' lang='lat' dir='ltr'><strong>inimicum</strong></span> <span class='ocrx_word' id='word_1_9' title='bbox 1951 699 1972 761; x_wconf 89' lang='lat'>;</span> <span class='ocrx_word' id='word_1_10' title='bbox 2001 672 2064 763; x_wconf 75' lang='lat' dir='ltr'><strong>si</strong></span> <span class='ocrx_word' id='word_1_11' title='bbox 2095 695 2222 743; x_wconf 82' lang='lat' dir='ltr'><strong>rex</strong></span> <span class='ocrx_word' id='word_1_12' title='bbox 2257 668 2529 767; x_wconf 80' lang='lat' dir='ltr'><strong>jubeat,</strong></span> <span class='ocrx_word' id='word_1_13' title='bbox 2559 696 2638 743; x_wconf 84' lang='lat' dir='ltr'><strong>se</strong></span> <span class='ocrx_word' id='word_1_14' title='bbox 2677 695 2846 743; x_wconf 80' lang='lat' dir='ltr'><strong>mox</strong></span> <span class='ocrx_word' id='word_1_15' title='bbox 2899 672 3072 745; x_wconf 85' lang='lat' dir='ltr'><strong>ulte-</strong></span> 
     </span>
     <span class='ocr_line' id='line_1_3' title="bbox 932 786 3068 880; baseline -0.002 -16"><span class='ocrx_word' id='word_1_16' title='bbox 932 793 1084 864; x_wconf 84' lang='lat' dir='ltr'><strong>rius</strong></span> <span class='ocrx_word' id='word_1_17' title='bbox 1110 792 1403 880; x_wconf 85' lang='lat' dir='ltr'><strong>iturum,</strong></span> <span class='ocrx_word' id='word_1_18' title='bbox 1446 803 1518 860; x_wconf 89' lang='lat' dir='ltr'><strong>et</strong></span> <span class='ocrx_word' id='word_1_19' title='bbox 1550 788 1683 860; x_wconf 91' lang='lat' dir='ltr'><strong>sibi</strong></span> <span class='ocrx_word' id='word_1_20' title='bbox 1706 787 1800 860; x_wconf 94' lang='lat' dir='ltr'><strong>de</strong></span> <span class='ocrx_word' id='word_1_21' title='bbox 1835 787 2170 859; x_wconf 91' lang='lat' dir='ltr'><strong>omnibus</strong></span> <span class='ocrx_word' id='word_1_22' title='bbox 2201 786 2741 860; x_wconf 83' lang='lat' dir='ltr'><strong>satisfacturum.</strong></span> <span class='ocrx_word' id='word_1_23' title='bbox 2785 790 2932 858; x_wconf 83' lang='lat' dir='ltr'><strong>Rex</strong></span> <span class='ocrx_word' id='word_1_24' title='bbox 2963 812 3068 859; x_wconf 80' lang='lat' dir='ltr'><strong>ra-</strong></span> 
     </span>
     <span class='ocr_line' id='line_1_4' title="bbox 932 898 3066 1001; baseline -0.002 -22"><span class='ocrx_word' id='word_1_25' title='bbox 932 907 1144 979; x_wconf 86' lang='lat' dir='ltr'><strong>tionis</strong></span> <span class='ocrx_word' id='word_1_26' title='bbox 1170 904 1751 1001; x_wconf 73' lang='lat' dir='ltr'><strong>consequentiam</strong></span> <span class='ocrx_word' id='word_1_27' title='bbox 1777 901 2178 992; x_wconf 86' lang='lat' dir='ltr'><strong>advertens,</strong></span> <span class='ocrx_word' id='word_1_28' title='bbox 2223 916 2502 977; x_wconf 64' lang='lat' dir='ltr'><strong>tantum</strong></span> <span class='ocrx_word' id='word_1_29' title='bbox 2531 902 2761 974; x_wconf 87' lang='lat' dir='ltr'><strong>virum</strong></span> <span class='ocrx_word' id='word_1_30' title='bbox 2799 898 3066 999; x_wconf 82' lang='lat' dir='ltr'>absque</span> 
     </span>
     <span class='ocr_line' id='line_1_5' title="bbox 930 1017 3068 1117; baseline -0.003 -22"><span class='ocrx_word' id='word_1_31' title='bbox 930 1045 1143 1095; x_wconf 86' lang='lat' dir='ltr'><strong>causa</strong></span> <span class='ocrx_word' id='word_1_32' title='bbox 1170 1047 1213 1095; x_wconf 90' lang='lat' dir='ltr'><strong>a</strong></span> <span class='ocrx_word' id='word_1_33' title='bbox 1240 1046 1314 1093; x_wconf 90' lang='lat' dir='ltr'><strong>se</strong></span> <span class='ocrx_word' id='word_1_34' title='bbox 1351 1020 1622 1112; x_wconf 82' lang='lat' dir='ltr'><strong>laesum,</strong></span> <span class='ocrx_word' id='word_1_35' title='bbox 1654 1032 2067 1117; x_wconf 88' lang='lat' dir='ltr'><strong>suspectum</strong></span> <span class='ocrx_word' id='word_1_36' title='bbox 2101 1018 2436 1091; x_wconf 87' lang='lat' dir='ltr'><strong>habebat.</strong></span> <span class='ocrx_word' id='word_1_37' title='bbox 2486 1017 2694 1089; x_wconf 83' lang='lat' dir='ltr'>Unde</span> <span class='ocrx_word' id='word_1_38' title='bbox 2720 1032 2792 1089; x_wconf 87' lang='lat' dir='ltr'><strong>et</strong></span> <span class='ocrx_word' id='word_1_39' title='bbox 2817 1042 2910 1090; x_wconf 88' lang='lat' dir='ltr'><strong>ne</strong></span> <span class='ocrx_word' id='word_1_40' title='bbox 2947 1042 3068 1117; x_wconf 86' lang='lat' dir='ltr'><strong>pe-</strong></span> 
     </span>
     <span class='ocr_line' id='line_1_6' title="bbox 928 1132 3066 1233; baseline -0.002 -21"><span class='ocrx_word' id='word_1_41' title='bbox 928 1138 1121 1211; x_wconf 89' lang='lat' dir='ltr'><strong>nitus</strong></span> <span class='ocrx_word' id='word_1_42' title='bbox 1154 1162 1197 1209; x_wconf 87' lang='lat' dir='ltr'><strong>a</strong></span> <span class='ocrx_word' id='word_1_43' title='bbox 1228 1163 1306 1210; x_wconf 88' lang='lat' dir='ltr'><strong>se</strong></span> <span class='ocrx_word' id='word_1_44' title='bbox 1331 1136 1691 1227; x_wconf 89' lang='lat' dir='ltr'><strong>deficeret,</strong></span> <span class='ocrx_word' id='word_1_45' title='bbox 1731 1134 1824 1209; x_wconf 83' lang='lat' dir='ltr'><strong>ab</strong></span> <span class='ocrx_word' id='word_1_46' title='bbox 1859 1160 1947 1208; x_wconf 86' lang='lat' dir='ltr'><strong>eo</strong></span> <span class='ocrx_word' id='word_1_47' title='bbox 1977 1132 2264 1207; x_wconf 89' lang='lat' dir='ltr'><strong>obsides</strong></span> <span class='ocrx_word' id='word_1_48' title='bbox 2313 1133 2658 1233; x_wconf 74' lang='lat' dir='ltr'><strong>sub‘pace</strong></span> <span class='ocrx_word' id='word_1_49' title='bbox 2705 1149 3066 1231; x_wconf 83' lang='lat' dir='ltr'><strong>sequestra</strong></span> 
     </span>
     <span class='ocr_line' id='line_1_7' title="bbox 930 1250 3064 1353; baseline -0.002 -26"><span class='ocrx_word' id='word_1_50' title='bbox 930 1256 1238 1353; x_wconf 83' lang='lat' dir='ltr'><strong>accepit3</strong></span> <span class='ocrx_word' id='word_1_51' title='bbox 1282 1253 1374 1325; x_wconf 92' lang='lat' dir='ltr'><strong>de</strong></span> <span class='ocrx_word' id='word_1_52' title='bbox 1400 1253 1737 1325; x_wconf 91' lang='lat' dir='ltr'><strong>omnihus</strong></span> <span class='ocrx_word' id='word_1_53' title='bbox 1768 1277 1926 1351; x_wconf 81' lang='lat' dir='ltr'><strong>quae</strong></span> <span class='ocrx_word' id='word_1_54' title='bbox 1963 1252 2030 1323; x_wconf 91' lang='lat' dir='ltr'><strong>ei</strong></span> <span class='ocrx_word' id='word_1_55' title='bbox 2065 1250 2489 1342; x_wconf 84' lang='lat' dir='ltr'><strong>intenderet,</strong></span> <span class='ocrx_word' id='word_1_56' title='bbox 2522 1266 2684 1351; x_wconf 86' lang='lat' dir='ltr'><strong>post</strong></span> <span class='ocrx_word' id='word_1_57' title='bbox 2717 1252 3064 1324; x_wconf 89' lang='lat' dir='ltr'><strong>rationem</strong></span> 
     </span>
     <span class='ocr_line' id='line_1_8' title="bbox 924 1366 3063 1459; baseline -0.001 -16"><span class='ocrx_word' id='word_1_58' title='bbox 924 1370 1018 1443; x_wconf 87' lang='lat' dir='ltr'><strong>ab</strong></span> <span class='ocrx_word' id='word_1_59' title='bbox 1060 1396 1149 1442; x_wconf 90' lang='lat' dir='ltr'><strong>eo</strong></span> <span class='ocrx_word' id='word_1_60' title='bbox 1198 1368 1591 1441; x_wconf 74' lang='lat' dir='ltr'><strong>auditurus,</strong></span> <span class='ocrx_word' id='word_1_61' title='bbox 1636 1368 1846 1440; x_wconf 90' lang='lat' dir='ltr'><strong>Unde</strong></span> <span class='ocrx_word' id='word_1_62' title='bbox 1879 1383 1952 1441; x_wconf 90' lang='lat' dir='ltr'><strong>et</strong></span> <span class='ocrx_word' id='word_1_63' title='bbox 1984 1368 2370 1440; x_wconf 85' lang='lat' dir='ltr'><strong>exercitum</strong></span> <span class='ocrx_word' id='word_1_64' title='bbox 2421 1366 2808 1459; x_wconf 88' lang='lat' dir='ltr'><strong>reducens,</strong></span> <span class='ocrx_word' id='word_1_65' title='bbox 2873 1369 3063 1440; x_wconf 86' lang='lat' dir='ltr'><strong>Pari-</strong></span> 
     </span>
     <span class='ocr_line' id='line_1_9' title="bbox 926 1483 3064 1584; baseline -0.001 -24"><span class='ocrx_word' id='word_1_66' title='bbox 926 1488 1113 1560; x_wconf 88' lang='lat' dir='ltr'><strong>sium</strong></span> <span class='ocrx_word' id='word_1_67' title='bbox 1149 1486 1459 1559; x_wconf 86' lang='lat' dir='ltr'><strong>devenit.</strong></span> <span class='ocrx_word' id='word_1_68' title='bbox 1505 1486 1670 1559; x_wconf 91' lang='lat' dir='ltr'><strong>Odo</strong></span> <span class='ocrx_word' id='word_1_69' title='bbox 1704 1510 1996 1584; x_wconf 92' lang='lat' dir='ltr'><strong>quoque</strong></span> <span class='ocrx_word' id='word_1_70' title='bbox 2044 1484 2223 1557; x_wconf 87' lang='lat' dir='ltr'><strong>nihil</strong></span> <span class='ocrx_word' id='word_1_71' title='bbox 2253 1486 2609 1576; x_wconf 82' lang='lat' dir='ltr'><strong>amittens,</strong></span> <span class='ocrx_word' id='word_1_72' title='bbox 2659 1483 3064 1584; x_wconf 88' lang='lat' dir='ltr'><strong>indempnis</strong></span> 
     </span>
     <span class='ocr_line' id='line_1_10' title="bbox 926 1600 3062 1708; baseline -0.002 -31"><span class='ocrx_word' id='word_1_73' title='bbox 926 1603 1219 1679; x_wconf 84' lang='lat' dir='ltr'><strong>Meldim</strong></span> <span class='ocrx_word' id='word_1_74' title='bbox 1252 1627 1421 1676; x_wconf 87' lang='lat' dir='ltr'><strong>cum</strong></span> <span class='ocrx_word' id='word_1_75' title='bbox 1454 1604 1603 1679; x_wconf 84' lang='lat' dir='ltr'><strong>suis</strong></span> <span class='ocrx_word' id='word_1_76' title='bbox 1652 1602 1962 1676; x_wconf 85' lang='lat' dir='ltr'><strong>devenit.</strong></span> <span class='ocrx_word' id='word_1_77' title='bbox 2018 1601 2193 1675; x_wconf 85' lang='lat' dir='ltr'><strong>Inde</strong></span> <span class='ocrx_word' id='word_1_78' title='bbox 2242 1601 2454 1675; x_wconf 83' lang='lat' dir='ltr'><strong>etiam</strong></span> <span class='ocrx_word' id='word_1_79' title='bbox 2504 1615 2671 1701; x_wconf 85' lang='lat' dir='ltr'><strong>post</strong></span> <span class='ocrx_word' id='word_1_80' title='bbox 2719 1600 2872 1678; x_wconf 88' lang='lat' dir='ltr'><strong>dies</strong></span> <span class='ocrx_word' id='word_1_81' title='bbox 2915 1626 3062 1708; x_wconf 81' lang='lat' dir='ltr'><strong>non</strong></span> 
     </span>
     <span class='ocr_line' id='line_1_11' title="bbox 930 1715 3064 1819; baseline -0.001 -24"><span class='ocrx_word' id='word_1_82' title='bbox 930 1722 1220 1812; x_wconf 77' lang='lat' dir='ltr'><strong>multos,</strong></span> <span class='ocrx_word' id='word_1_83' title='bbox 1256 1715 1587 1799; x_wconf 79' lang='lat' dir='ltr'><strong>castrum&#39;</strong></span> <span class='ocrx_word' id='word_1_84' title='bbox 1618 1720 1818 1819; x_wconf 89' lang='lat' dir='ltr'><strong>quod</strong></span> <span class='ocrx_word' id='word_1_85' title='bbox 1871 1724 2166 1794; x_wconf 88' lang='lat' dir='ltr'><strong>Dunum</strong></span> <span class='ocrx_word' id='word_1_86' title='bbox 2199 1719 2481 1809; x_wconf 86' lang='lat' dir='ltr'><strong>dicitur,</strong></span> <span class='ocrx_word' id='word_1_87' title='bbox 2527 1744 2656 1792; x_wconf 89' lang='lat' dir='ltr'><strong>sua</strong></span> <span class='ocrx_word' id='word_1_88' title='bbox 2689 1719 3064 1819; x_wconf 85' lang='lat' dir='ltr'><strong>dispositu·</strong></span> 
     </span>
     <span class='ocr_line' id='line_1_12' title="bbox 929 1838 1309 1936; baseline 0.005 -27"><span class='ocrx_word' id='word_1_89' title='bbox 929 1864 1051 1911; x_wconf 86' lang='lat' dir='ltr'><strong>rus</strong></span> <span class='ocrx_word' id='word_1_90' title='bbox 1084 1838 1309 1936; x_wconf 85' lang='lat' dir='ltr'><strong>petiit.</strong></span> 
     </span>
     <span class='ocr_line' id='line_1_13' title="bbox 1363 1958 2410 2028; baseline -0.003 -14"><span class='ocrx_word' id='word_1_91' title='bbox 1363 2020 1371 2028; x_wconf 48' lang='grc'><strong><em>,</em></strong></span> <span class='ocrx_word' id='word_1_92' title='bbox 1572 1960 1768 2013; x_wconf 83' lang='lat' dir='ltr'><strong>xclv.</strong></span> <span class='ocrx_word' id='word_1_93' title='bbox 1787 1988 1862 1999; x_wconf 93' lang='lat'><em>-</em></span> <span class='ocrx_word' id='word_1_94' title='bbox 1881 1958 2072 2011; x_wconf 69' lang='lat' dir='ltr'><strong>Obitus</strong></span> <span class='ocrx_word' id='word_1_95' title='bbox 2085 1958 2116 1993; x_wconf 74' lang='lat'><em>*</em></span> <span class='ocrx_word' id='word_1_96' title='bbox 2151 1958 2410 2013; x_wconf 72' lang='lat' dir='ltr'><strong>Odonis*.</strong></span> 
     </span>
    </p>

    <p class='ocr_par' dir='ltr' id='par_1_3' title="bbox 930 2102 3076 4060">
     <span class='ocr_line' id='line_1_14' title="bbox 1029 2102 3072 2203; baseline -0 -26"><span class='ocrx_word' id='word_1_97' title='bbox 1029 2104 1237 2179; x_wconf 88' lang='lat' dir='ltr'><strong>Unde</strong></span> <span class='ocrx_word' id='word_1_98' title='bbox 1270 2130 1435 2177; x_wconf 89' lang='lat' dir='ltr'><strong>cum</strong></span> <span class='ocrx_word' id='word_1_99' title='bbox 1469 2104 1563 2177; x_wconf 89' lang='lat' dir='ltr'><strong>de</strong></span> <span class='ocrx_word' id='word_1_100' title='bbox 1598 2104 1747 2176; x_wconf 86' lang='lat' dir='ltr'><strong>suis</strong></span> <span class='ocrx_word' id='word_1_101' title='bbox 1775 2128 1960 2203; x_wconf 89' lang='lat' dir='ltr'><strong>quos</strong></span> <span class='ocrx_word' id='word_1_102' title='bbox 1989 2102 2124 2175; x_wconf 87' lang='lat' dir='ltr'><strong>sub</strong></span> <span class='ocrx_word' id='word_1_103' title='bbox 2156 2126 2334 2202; x_wconf 88' lang='lat' dir='ltr'><strong>pace</strong></span> <span class='ocrx_word' id='word_1_104' title='bbox 2367 2118 2730 2200; x_wconf 81' lang='lat' dir='ltr'><strong>sequestra</strong></span> <span class='ocrx_word' id='word_1_105' title='bbox 2762 2104 2910 2201; x_wconf 85' lang='lat' dir='ltr'><strong>regi</strong></span> <span class='ocrx_word' id='word_1_106' title='bbox 2953 2104 3072 2176; x_wconf 72' lang='lat' dir='ltr'><strong>de-</strong></span> 
     </span>
     <span class='ocr_line' id='line_1_15' title="bbox 930 2206 3070 2322; baseline 0.001 -31"><span class='ocrx_word' id='word_1_107' title='bbox 930 2218 1284 2319; x_wconf 84' lang='lat' dir='ltr'><strong>legaverat</strong></span> <span class='ocrx_word' id='word_1_108' title='bbox 1300 2277 1320 2313; x_wconf 88' lang='lat'>,</span> <span class='ocrx_word' id='word_1_109' title='bbox 1371 2220 1678 2322; x_wconf 78' lang='lat' dir='ltr'><strong>plurima</strong></span> <span class='ocrx_word' id='word_1_110' title='bbox 1702 2220 2249 2301; x_wconf 86' lang='lat' dir='ltr'><strong>&#39;consultatione</strong></span> <span class='ocrx_word' id='word_1_111' title='bbox 2292 2206 2715 2293; x_wconf 76' lang='lat' dir='ltr'><strong>deliberaret</strong></span> <span class='ocrx_word' id='word_1_112' title='bbox 2735 2274 2755 2311; x_wconf 92' lang='lat'><strong>,</strong></span> <span class='ocrx_word' id='word_1_113' title='bbox 2811 2216 3070 2293; x_wconf 83' lang='lat' dir='ltr'><strong>humo-</strong></span> 
     </span>
     <span class='ocr_line' id='line_1_16' title="bbox 932 2338 3062 2439; baseline -0 -29"><span class='ocrx_word' id='word_1_114' title='bbox 932 2340 1137 2410; x_wconf 78' lang='lat' dir='ltr'><strong>rum’</strong></span> <span class='ocrx_word' id='word_1_115' title='bbox 1174 2338 1657 2439; x_wconf 84' lang='lat' dir='ltr'><strong>superfluitate</strong></span> <span class='ocrx_word' id='word_1_116' title='bbox 1692 2364 1826 2436; x_wconf 92' lang='lat' dir='ltr'><strong>pro</strong></span> <span class='ocrx_word' id='word_1_117' title='bbox 1853 2338 2199 2437; x_wconf 89' lang='lat' dir='ltr'><strong>temporis</strong></span> <span class='ocrx_word' id='word_1_118' title='bbox 2223 2338 2717 2439; x_wconf 81' lang='lat' dir='ltr'><strong>immutatione</strong></span> <span class='ocrx_word' id='word_1_119' title='bbox 2747 2352 3062 2429; x_wconf 70' lang='lat' dir='ltr'><strong>vexatus,</strong></span> 
     </span>
     <span class='ocr_line' id='line_1_17' title="bbox 931 2450 3068 2552; baseline -0 -26"><span class='ocrx_word' id='word_1_120' title='bbox 931 2454 1006 2526; x_wconf 91' lang='lat' dir='ltr'><strong>in</strong></span> <span class='ocrx_word' id='word_1_121' title='bbox 1044 2454 1513 2552; x_wconf 84' lang='lat' dir='ltr'><strong>egritudinem</strong></span> <span class='ocrx_word' id='word_1_122' title='bbox 1556 2478 1715 2551; x_wconf 86' lang='lat' dir='ltr'><strong>quae</strong></span> <span class='ocrx_word' id='word_1_123' title='bbox 1751 2478 1794 2525; x_wconf 90' lang='lat' dir='ltr'><strong>a</strong></span> <span class='ocrx_word' id='word_1_124' title='bbox 1845 2452 2131 2552; x_wconf 86' lang='lat' dir='ltr'><strong>phisicis</strong></span> <span class='ocrx_word' id='word_1_125' title='bbox 2165 2454 2530 2549; x_wconf 75' lang='lat' dir='ltr'><strong>synantica</strong></span> <span class='ocrx_word' id='word_1_126' title='bbox 2577 2450 2836 2547; x_wconf 82' lang='lat' dir='ltr'><strong>dicitur</strong></span> <span class='ocrx_word' id='word_1_127' title='bbox 2867 2453 3068 2525; x_wconf 89' lang='lat' dir='ltr'><strong>deci-</strong></span> 
     </span>
     <span class='ocr_line' id='line_1_18' title="bbox 932 2565 3068 2667; baseline -0 -26"><span class='ocrx_word' id='word_1_128' title='bbox 932 2568 1061 2641; x_wconf 86' lang='lat' dir='ltr'><strong>dit.</strong></span> <span class='ocrx_word' id='word_1_129' title='bbox 1118 2573 1292 2659; x_wconf 85' lang='lat' dir='ltr'><strong>Quae</strong></span> <span class='ocrx_word' id='word_1_130' title='bbox 1326 2594 1494 2651; x_wconf 85' lang='lat' dir='ltr'><strong>cum</strong></span> <span class='ocrx_word' id='word_1_131' title='bbox 1533 2570 1718 2642; x_wconf 86' lang='lat' dir='ltr'><strong>intra</strong></span> <span class='ocrx_word' id='word_1_132' title='bbox 1775 2567 1953 2667; x_wconf 86' lang='lat' dir='ltr'><strong>gulae</strong></span> <span class='ocrx_word' id='word_1_133' title='bbox 1989 2570 2325 2665; x_wconf 80' lang='lat' dir='ltr'><strong>interiora</strong></span> <span class='ocrx_word' id='word_1_134' title='bbox 2369 2569 2615 2641; x_wconf 90' lang='lat' dir='ltr'><strong>sedem</strong></span> <span class='ocrx_word' id='word_1_135' title='bbox 2655 2565 2941 2661; x_wconf 77' lang='lat' dir='ltr'><strong>habeat,</strong></span> <span class='ocrx_word' id='word_1_136' title='bbox 2986 2595 3068 2640; x_wconf 84' lang='lat' dir='ltr'><strong>ex</strong></span> 
     </span>
     <span class='ocr_line' id='line_1_19' title="bbox 932 2683 3072 2785; baseline -0 -27"><span class='ocrx_word' id='word_1_137' title='bbox 932 2684 1283 2758; x_wconf 85' lang='lat' dir='ltr'><strong>fleumatis</strong></span> <span class='ocrx_word' id='word_1_138' title='bbox 1329 2687 1786 2758; x_wconf 82' lang='lat' dir='ltr'><strong>reumatismo</strong></span> <span class='ocrx_word' id='word_1_139' title='bbox 1827 2711 2224 2785; x_wconf 84' lang='lat' dir='ltr'><strong>progressa,</strong></span> <span class='ocrx_word' id='word_1_140' title='bbox 2273 2701 2512 2770; x_wconf 87' lang='lat' dir='ltr'><strong>tamen</strong></span> <span class='ocrx_word' id='word_1_141' title='bbox 2563 2683 2949 2784; x_wconf 87' lang='lat' dir='ltr'><strong>aliquando</strong></span> <span class='ocrx_word' id='word_1_142' title='bbox 2981 2684 3072 2757; x_wconf 88' lang='lat' dir='ltr'><strong>ad</strong></span> 
     </span>
     <span class='ocr_line' id='line_1_20' title="bbox 936 2802 3076 2902; baseline 0.001 -28"><span class='ocrx_word' id='word_1_143' title='bbox 936 2803 1251 2876; x_wconf 77' lang='lat' dir='ltr'><strong>maxillas</strong></span> <span class='ocrx_word' id='word_1_144' title='bbox 1282 2817 1355 2883; x_wconf 84' lang='lat' dir='ltr'><strong>et</strong></span> <span class='ocrx_word' id='word_1_145' title='bbox 1399 2827 1638 2900; x_wconf 82' lang='lat' dir='ltr'><strong>genas,</strong></span> <span class='ocrx_word' id='word_1_146' title='bbox 1690 2802 2079 2900; x_wconf 89' lang='lat' dir='ltr'><strong>aliquando</strong></span> <span class='ocrx_word' id='word_1_147' title='bbox 2115 2803 2210 2878; x_wconf 90' lang='lat' dir='ltr'><strong>ad</strong></span> <span class='ocrx_word' id='word_1_148' title='bbox 2248 2818 2561 2878; x_wconf 86' lang='lat' dir='ltr'><strong>toracem</strong></span> <span class='ocrx_word' id='word_1_149' title='bbox 2593 2818 2665 2875; x_wconf 90' lang='lat' dir='ltr'><strong>et</strong></span> <span class='ocrx_word' id='word_1_150' title='bbox 2694 2803 3076 2902; x_wconf 83' lang='lat' dir='ltr'><strong>pulmones</strong></span> 
     </span>
     <span class='ocr_line' id='line_1_21' title="bbox 934 2918 3075 3016; baseline 0 -26"><span class='ocrx_word' id='word_1_151' title='bbox 934 2934 1291 2992; x_wconf 85' lang='lat' dir='ltr'><strong>tumorem</strong></span> <span class='ocrx_word' id='word_1_152' title='bbox 1330 2943 1499 2991; x_wconf 88' lang='lat' dir='ltr'><strong>cum</strong></span> <span class='ocrx_word' id='word_1_153' title='bbox 1533 2918 1786 2991; x_wconf 86' lang='lat' dir='ltr'><strong>dolore</strong></span> <span class='ocrx_word' id='word_1_154' title='bbox 1833 2920 2028 3016; x_wconf 83' lang='lat' dir='ltr'><strong>gravi</strong></span> <span class='ocrx_word' id='word_1_155' title='bbox 2061 2920 2399 2991; x_wconf 89' lang='lat' dir='ltr'><strong>immittit.</strong></span> <span class='ocrx_word' id='word_1_156' title='bbox 2444 2919 2720 3006; x_wconf 88' lang='lat' dir='ltr'><strong>Quibus</strong></span> <span class='ocrx_word' id='word_1_157' title='bbox 2744 2919 3075 2990; x_wconf 90' lang='lat' dir='ltr'><strong>tumenti-</strong></span> 
     </span>
     <span class='ocr_line' id='line_1_22' title="bbox 933 3033 3072 3135; baseline 0.001 -29"><span class='ocrx_word' id='word_1_158' title='bbox 933 3033 1075 3106; x_wconf 84' lang='lat' dir='ltr'><strong>bus</strong></span> <span class='ocrx_word' id='word_1_159' title='bbox 1122 3051 1335 3133; x_wconf 83' lang='lat' dir='ltr'><strong>atque</strong></span> <span class='ocrx_word' id='word_1_160' title='bbox 1375 3035 1810 3110; x_wconf 82' lang='lat' dir='ltr'><strong>ferventibus</strong></span> <span class='ocrx_word' id='word_1_161' title='bbox 1853 3050 2174 3133; x_wconf 85' lang='lat' dir='ltr'><strong>excepta.</strong></span> <span class='ocrx_word' id='word_1_162' title='bbox 2201 3035 2382 3121; x_wconf 81' lang='lat' dir='ltr'><strong>initii</strong></span> <span class='ocrx_word' id='word_1_163' title='bbox 2423 3035 2540 3108; x_wconf 88' lang='lat' dir='ltr'><strong>die</strong></span> <span class='ocrx_word' id='word_1_164' title='bbox 2560 3088 2582 3126; x_wconf 92' lang='lat'><strong><em>‚</em></strong></span> <span class='ocrx_word' id='word_1_165' title='bbox 2620 3051 2790 3135; x_wconf 88' lang='lat' dir='ltr'><strong>post</strong></span> <span class='ocrx_word' id='word_1_166' title='bbox 2831 3035 3072 3126; x_wconf 84' lang='lat' dir='ltr'><strong>diatri-</strong></span> 
     </span>
     <span class='ocr_line' id='line_1_23' title="bbox 934 3151 3069 3252; baseline 0.001 -29"><span class='ocrx_word' id='word_1_167' title='bbox 934 3166 1115 3242; x_wconf 88' lang='lat' dir='ltr'><strong>tum,</strong></span> <span class='ocrx_word' id='word_1_168' title='bbox 1166 3153 1555 3252; x_wconf 87' lang='lat' dir='ltr'><strong>patientem</strong></span> <span class='ocrx_word' id='word_1_169' title='bbox 1614 3153 1922 3251; x_wconf 87' lang='lat' dir='ltr'><strong>perimit.</strong></span> <span class='ocrx_word' id='word_1_170' title='bbox 1983 3157 2064 3223; x_wconf 92' lang='lat' dir='ltr'><strong>ln</strong></span> <span class='ocrx_word' id='word_1_171' title='bbox 2110 3151 2299 3225; x_wconf 90' lang='lat' dir='ltr'><strong>hanc</strong></span> <span class='ocrx_word' id='word_1_172' title='bbox 2349 3153 2562 3250; x_wconf 85' lang='lat' dir='ltr'><strong>igitur</strong></span> <span class='ocrx_word' id='word_1_173' title='bbox 2605 3151 2770 3225; x_wconf 94' lang='lat' dir='ltr'><strong>Odo</strong></span> <span class='ocrx_word' id='word_1_174' title='bbox 2805 3153 3069 3252; x_wconf 86' lang='lat' dir='ltr'><strong>lapsus,</strong></span> 
     </span>
     <span class='ocr_line' id='line_1_24' title="bbox 932 3267 3074 3368; baseline 0.002 -30"><span class='ocrx_word' id='word_1_175' title='bbox 932 3267 1201 3341; x_wconf 81' lang='lat' dir='ltr'><strong>infestis</strong></span> <span class='ocrx_word' id='word_1_176' title='bbox 1254 3269 1433 3368; x_wconf 85' lang='lat' dir='ltr'><strong>gulae</strong></span> <span class='ocrx_word' id='word_1_177' title='bbox 1475 3269 1848 3341; x_wconf 88' lang='lat' dir='ltr'><strong>doloribus</strong></span> <span class='ocrx_word' id='word_1_178' title='bbox 1889 3270 2445 3367; x_wconf 84' lang='lat' dir='ltr'><strong>circumquaque</strong></span> <span class='ocrx_word' id='word_1_179' title='bbox 2477 3267 2928 3368; x_wconf 86' lang='lat' dir='ltr'><strong>pulsabatur;</strong></span> <span class='ocrx_word' id='word_1_180' title='bbox 2969 3293 3074 3342; x_wconf 89' lang='lat' dir='ltr'><strong>ar-</strong></span> 
     </span>
     <span class='ocr_line' id='line_1_25' title="bbox 932 3385 3070 3486; baseline 0.001 -30"><span class='ocrx_word' id='word_1_181' title='bbox 932 3385 1269 3458; x_wconf 86' lang='lat' dir='ltr'><strong>teriarum</strong></span> <span class='ocrx_word' id='word_1_182' title='bbox 1324 3410 1613 3484; x_wconf 89' lang='lat' dir='ltr'><strong>quoque</strong></span> <span class='ocrx_word' id='word_1_183' title='bbox 1655 3387 1916 3476; x_wconf 86' lang='lat' dir='ltr'><strong>fervor,</strong></span> <span class='ocrx_word' id='word_1_184' title='bbox 1957 3387 2306 3458; x_wconf 87' lang='lat' dir='ltr'><strong>sermonis</strong></span> <span class='ocrx_word' id='word_1_185' title='bbox 2340 3385 2869 3460; x_wconf 87' lang='lat' dir='ltr'><strong>intercisionem</strong></span> <span class='ocrx_word' id='word_1_186' title='bbox 2901 3411 3070 3486; x_wconf 89' lang='lat' dir='ltr'><strong>ope-</strong></span> 
     </span>
     <span class='ocr_line' id='line_1_26' title="bbox 931 3499 3066 3609; baseline 0.001 -37"><span class='ocrx_word' id='word_1_187' title='bbox 931 3499 1245 3572; x_wconf 86' lang='lat' dir='ltr'><strong>rabatur.</strong></span> <span class='ocrx_word' id='word_1_188' title='bbox 1290 3505 1436 3572; x_wconf 88' lang='lat' dir='ltr'><strong>Nec</strong></span> <span class='ocrx_word' id='word_1_189' title='bbox 1470 3503 1673 3600; x_wconf 82' lang='lat' dir='ltr'><strong>petiit</strong></span> <span class='ocrx_word' id='word_1_190' title='bbox 1703 3501 2119 3600; x_wconf 82' lang='lat' dir='ltr'><strong>hujusmodi</strong></span> <span class='ocrx_word' id='word_1_191' title='bbox 2153 3501 2366 3577; x_wconf 93' lang='lat' dir='ltr'><strong>dolor</strong></span> <span class='ocrx_word' id='word_1_192' title='bbox 2394 3503 2642 3609; x_wconf 84' lang='lat' dir='ltr'><strong>capitis</strong></span> <span class='ocrx_word' id='word_1_193' title='bbox 2677 3503 3066 3601; x_wconf 85' lang='lat' dir='ltr'><strong>superiora,</strong></span> 
     </span>
     <span class='ocr_line' id='line_1_27' title="bbox 934 3616 3069 3718; baseline 0 -28"><span class='ocrx_word' id='word_1_194' title='bbox 934 3632 1007 3690; x_wconf 83' lang='lat' dir='ltr'><strong>at</strong></span> <span class='ocrx_word' id='word_1_195' title='bbox 1029 3616 1424 3714; x_wconf 78' lang='lat' dir='ltr'><strong>praecordia</strong></span> <span class='ocrx_word' id='word_1_196' title='bbox 1442 3635 1954 3718; x_wconf 76' lang='lat' dir='ltr'><strong>pertemptam,</strong></span> <span class='ocrx_word' id='word_1_197' title='bbox 1995 3619 2418 3718; x_wconf 83' lang='lat' dir='ltr'><strong>pulmonem</strong></span> <span class='ocrx_word' id='word_1_198' title='bbox 2449 3634 2521 3692; x_wconf 90' lang='lat' dir='ltr'><strong>et</strong></span> <span class='ocrx_word' id='word_1_199' title='bbox 2541 3643 2713 3718; x_wconf 82' lang='lat' dir='ltr'><strong>epar</strong></span> <span class='ocrx_word' id='word_1_200' title='bbox 2733 3634 3069 3717; x_wconf 83' lang='lat' dir='ltr'><strong>peracuto</strong></span> 
     </span>
     <span class='ocr_line' id='line_1_28' title="bbox 932 3733 3074 3832; baseline 0 -27"><span class='ocrx_word' id='word_1_201' title='bbox 932 3733 1185 3814; x_wconf 79' lang='lat' dir='ltr'><strong>dolore</strong></span> <span class='ocrx_word' id='word_1_202' title='bbox 1216 3733 1647 3808; x_wconf 83' lang='lat' dir='ltr'><strong>stimulabat.</strong></span> <span class='ocrx_word' id='word_1_203' title='bbox 1691 3736 1852 3808; x_wconf 89' lang='lat' dir='ltr'><strong>Fuit</strong></span> <span class='ocrx_word' id='word_1_204' title='bbox 1883 3736 2123 3832; x_wconf 86' lang='lat' dir='ltr'><strong>itaque</strong></span> <span class='ocrx_word' id='word_1_205' title='bbox 2149 3735 2452 3808; x_wconf 82' lang='lat' dir='ltr'><strong>militum</strong></span> <span class='ocrx_word' id='word_1_206' title='bbox 2479 3735 2740 3826; x_wconf 83' lang='lat' dir='ltr'><strong>luctus,</strong></span> <span class='ocrx_word' id='word_1_207' title='bbox 2781 3735 3074 3808; x_wconf 85' lang='lat' dir='ltr'><strong>famulo-</strong></span> 
     </span>
     <span class='ocr_line' id='line_1_29' title="bbox 932 3849 3072 3949; baseline 0.002 -29"><span class='ocrx_word' id='word_1_208' title='bbox 932 3875 1095 3920; x_wconf 88' lang='lat' dir='ltr'><strong>rum</strong></span> <span class='ocrx_word' id='word_1_209' title='bbox 1120 3849 1419 3939; x_wconf 81' lang='lat' dir='ltr'><strong>clamor,</strong></span> <span class='ocrx_word' id='word_1_210' title='bbox 1456 3851 1882 3923; x_wconf 85' lang='lat' dir='ltr'><strong>feminarum</strong></span> <span class='ocrx_word' id='word_1_211' title='bbox 1917 3851 2249 3948; x_wconf 75' lang='lat' dir='ltr'><strong>frequens</strong></span> <span class='ocrx_word' id='word_1_212' title='bbox 2279 3851 2724 3942; x_wconf 80' lang='lat' dir='ltr'><strong>exclamatio,</strong></span> <span class='ocrx_word' id='word_1_213' title='bbox 2759 3851 3072 3949; x_wconf 86' lang='lat' dir='ltr'><strong>eoquod</strong></span> 
     </span>
     <span class='ocr_line' id='line_1_30' title="bbox 937 3965 3070 4060; baseline 0.002 -22"><span class='ocrx_word' id='word_1_214' title='bbox 937 3965 1317 4038; x_wconf 86' lang='lat' dir='ltr'><strong>dominum</strong></span> <span class='ocrx_word' id='word_1_215' title='bbox 1346 3967 1834 4042; x_wconf 88' lang='lat' dir='ltr'><strong>inconsultum</strong></span> <span class='ocrx_word' id='word_1_216' title='bbox 1855 3967 2295 4060; x_wconf 80' lang='lat' dir='ltr'><strong>amittebant,</strong></span> <span class='ocrx_word' id='word_1_217' title='bbox 2327 3984 2400 4042; x_wconf 80' lang='lat' dir='ltr'><strong>et</strong></span> <span class='ocrx_word' id='word_1_218' title='bbox 2433 3970 2618 4042; x_wconf 80' lang='lat' dir='ltr'><strong>natis</strong></span> <span class='ocrx_word' id='word_1_219' title='bbox 2651 3968 3070 4048; x_wconf 76' lang='lat' dir='ltr'><strong>dominandi</strong></span> 
     </span>
    </p>
   </div>
   <div class='ocr_carea' id='block_1_3' title="bbox 1002 4187 1603 4325">
    <p class='ocr_par' dir='ltr' id='par_1_4' title="bbox 1002 4187 1603 4325">
     <span class='ocr_line' id='line_1_31' title="bbox 1007 4187 1603 4254; baseline 0.003 -14"><span class='ocrx_word' id='word_1_220' title='bbox 1007 4189 1035 4222; x_wconf 73' lang='lat'><strong>¹*</strong></span> <span class='ocrx_word' id='word_1_221' title='bbox 1070 4189 1177 4240; x_wconf 87' lang='lat' dir='ltr'><strong>Ohi</strong></span> <span class='ocrx_word' id='word_1_222' title='bbox 1196 4227 1212 4254; x_wconf 84' lang='lat'><em>,</em></span> <span class='ocrx_word' id='word_1_223' title='bbox 1248 4188 1371 4242; x_wconf 85' lang='lat' dir='ltr'><strong>odo</strong></span> <span class='ocrx_word' id='word_1_224' title='bbox 1394 4187 1603 4242; x_wconf 75' lang='lat' dir='ltr'><strong>abscisa.</strong></span> 
     </span>
     <span class='ocr_line' id='line_1_32' title="bbox 1002 4269 1538 4325; baseline 0.004 -3"><span class='ocrx_word' id='word_1_225' title='bbox 1002 4269 1018 4300; x_wconf 82' lang='lat'>¹</span> <span class='ocrx_word' id='word_1_226' title='bbox 1058 4271 1340 4325; x_wconf 74' lang='lat' dir='ltr'><strong>homor-um</strong></span> <span class='ocrx_word' id='word_1_227' title='bbox 1364 4271 1538 4324; x_wconf 73' lang='lat' dir='ltr'><strong>codex.</strong></span> 
     </span>
    </p>
   </div>
  </div>
 </body>
</html>
