3459 5375
955 581 1079 641 202
1667 577 2001 640 mcflssm
2045 577 2191 640 LIB.
2236 579 2346 639 lv.

1005 763 1624 822 xum—Adimam·
1659 765 1921 820 Kar-olum
1959 778 2012 820 et
2041 765 2323 820 Amulium
2360 777 2688 820 nemmento
2724 765 2973 842 *decipit
2988 773 3042 823 *-

1056 907 1406 987 Adalbero
1441 909 1592 986 stne
1626 908 1967 984 dilatione
1998 909 2074 982 in
2115 909 2277 984 loco
2302 910 2687 983 constituto
2726 911 2989 984 Karolo
3025 929 3097 986 et

961 1025 1253 1100 Arnulfo
1301 1027 1566 1098 accitus
1618 1026 1951 1099 occurrit.
2016 1030 2072 1098 A
2110 1025 2370 1124 quibus
2404 1025 2807 1159 benigniter
2844 1053 3095 1127 excep-

955 1155 1072 1214 tus
1090 1195 1111 1232 ,
1159 1166 1312 1213 non
1349 1141 1787 1214 mediocrem
1824 1140 2119 1214 letitiam
2154 1142 2489 1241 repperit.
2530 1145 2605 1214 Sl
2625 1142 2801 1242 quid
2827 1141 3097 1216 discor-

961 1257 1099 1330 diae
1133 1258 1482 1355 praecessit
1499 1311 1519 1349 ,
1551 1257 1692 1330 levi
1719 1273 1793 1331 et
1826 1281 1987 1330 raro
2022 1282 2352 1332 sermone
2378 1273 2647 1334 tacmm
2671 1261 3090 1358 praeteriere.

961 1378 1086 1446 Jus
1143 1375 1463 1448 amicitiae
1523 1377 1708 1448 inter
1770 1399 1925 1449 sese
1984 1375 2241 1448 exinde
2300 1375 2603 1475 amplius
2671 1377 3059 1450 colendum
3073 1431 3094 1468 ,

963 1489 1257 1562 diversis
1278 1491 1671 1564 rationibus
1711 1490 2048 1564 extulere.
2080 1495 2363 1579 Quanta
2388 1492 2603 1564 etiam
2629 1491 3101 1565 commoditas

965 1605 1054 1677 sit
1096 1605 1465 1704 profutura
1515 1607 1574 1678 si
1632 1606 1939 1682 amicitia
1996 1605 2183 1678 bene
2238 1604 2348 1678 usi
2396 1606 2537 1679 sint
2559 1661 2580 1698 ,
2630 1619 3101 1705 sepenumero

963 1720 1290 1794 retulere.
1323 1727 1606 1810 Quanta
1636 1741 1927 1829 quoque
1962 1722 2207 1821 gloria,
2240 1738 2547 1828 quantus
2578 1721 2843 1815 honor,
2873 1749 3101 1822 quan-

964 1852 1120 1910 tum
1158 1837 1586 1936 praesidium.
1627 1843 1925 1911 Necnon
1969 1855 2040 1912 et
2074 1839 2251 1912 illud
2288 1839 2586 1912 libatum
2623 1854 2730 1913 est
2744 1894 2763 1931 ,
2795 1840 2872 1911 in
2904 1837 3103 1912 brevi

919 1953 1116 2027 ··fieri
1162 1979 1370 2053 posse
1389 2009 1409 2047 ,
1467 1970 1538 2028 et
1576 1980 1718 2028 suae
1762 1956 1978 2053 partis
2033 1955 2567 2054 provectionem
2591 2009 2611 2047 ,
2672 1969 2742 2027 et
2790 1955 3103 2026 hostium

961 2073 1627 2172 praecipitationem5
1675 2073 1995 2172 nihilque
2026 2072 2139 2144 his
2168 2074 2187 2110 ⁴
2236 2072 2518 2146 obstare
2564 2097 2777 2172 posse
2794 2127 2817 2164 ‚
2858 2074 2921 2144 si
2952 2072 3103 2145 sola

964 2189 1308 2262 Divinitas
1341 2215 1492 2262 non
1537 2189 1899 2290 impediat.
1944 2190 2017 2262 Si
2044 2204 2209 2262 vota
2228 2215 2357 2263 sua
2388 2189 2676 2263 effectus
2714 2213 3103 2288 consequa·

963 2321 1106 2396 tun,
1137 2304 1571 2404 quandoque
1605 2307 1948 2397 futurum,
1976 2321 2056 2377 ut
2088 2331 2222 2404 per
2245 2331 2396 2378 sese
2420 2331 2537 2380 res
2560 2305 2849 2405 publica
2874 2305 3101 2379 multo

963 2418 1240 2492 honore
1259 2473 1279 2511 ‚
1317 2421 1540 2496 multa
1574 2421 1833 2520 gloria,
1874 2420 2278 2502 cumuletur
2310 2438 2383 2496 et
2416 2423 2687 2495 floreat.
2739 2424 2863 2494 His
2898 2421 3103 2497 dictis

963 2550 1414 2614 sacramento,
1466 2535 1600 2616 sihi
1655 2538 1913 2610 annexi
1976 2552 2143 2610 sunt
2159 2591 2180 2628 ‚
2239 2551 2453 2635 atque
2521 2560 2564 2609 a
2638 2561 2714 2610 se
2780 2536 3099 2635 digressi.

967 2649 1317 2725 Adalbero
1343 2653 1490 2750 regi
1523 2677 1601 2725 se
1634 2651 1960 2746 contulit,
1988 2678 2146 2752 quae
2172 2668 2407 2752 egerat
2432 2652 2811 2752 explicans.
2828 2652 3106 2743 Quibus

969 2797 1094 2844 rex
1135 2772 1415 2865 auditis,
1455 2776 1824 2873 negotium
1854 2774 2229 2874 approbat,
2276 2775 2649 2847 Arnulfum
2682 2800 2834 2849 sese
2868 2802 3108 2874 recep-

969 2904 1212 2963 turum
1257 2894 1314 2963 si
1349 2895 1584 2971 veniat
1627 2892 2025 2993 pollicetur,
2084 2894 2235 2990 ejus
2279 2894 2777 2992 purgationem
2834 2893 2926 2965 de
2972 2892 3107 2964 ob·

962 3006 1166 3104 jectis
1185 3063 1204 3100 ,
1245 3034 1320 3082 se
1351 3026 1616 3108 sponte-
1637 3010 2073 3083 auditurum.
2120 3014 2212 3082 Et
2235 3012 2297 3081 si
2330 3024 2520 3082 recte
2550 3024 2917 3109 purgetur,
2957 3034 3106 3080 non

971 3126 1234 3198 minori
1289 3104 1507 3226 gratia
1556 3153 1775 3226 quam
1832 3142 2012 3215 ante.
2039 3126 2479 3201 habendum.
2557 3126 2905 3198 Adalbero
2958 3126 3109 3198 haec

973 3246 1263 3317 Amulfo
1320 3247 1553 3319 refert.
1617 3250 1877 3345 Regem
1932 3245 2347 3331 benivolum
2372 3300 2393 3335 ,
2446 3245 2869 3317 clementem
2934 3243 3100 3332 sibi,

970 3362 1215 3433 asserit
1233 3416 1254 3453 ‚
1313 3388 1480 3435 eum
1544 3350 1757 3435 etiam
1800 3362 1951 3459 ejus
2010 3363 2503 3469 purgationem
2548 3377 2803 3461 sponte
2862 3359 3107 3433 audire

973 3476 1190 3567 velle,
1233 3479 1482 3577 suique
1530 3480 1825 3577 gratiam
1870 3480 2021 3551 sine
2072 3502 2277 3565 molta
2321 3478 2645 3553 reddere.
2690 3476 2897 3549 Unde
2940 3491 3010 3548 et
3042 3477 3110 3550 ei

976 3618 1128 3667 esse
1172 3595 1710 3686 maturandum,
1753 3610 1825 3669 et
1854 3596 2265 3695 quantotius
2312 3594 2387 3667 id
2434 3594 2858 3693 petendum3
2924 3593 3109 3677 otius

975 3736 1145 3810 ergo
1177 3738 1417 3810 regem
1449 3702 2022 3803 adeundum,'ne
2050 3712 2456 3811 aliquorum
2488 3710 2698 3783 dolus
2733 3708 3122 3793 consilium„

976 3832 1388 3940 abrumpat.
1420 3834 1534 3921 Ad,
1561 3860 1801 3945 regem
1835 3836 2071 3935 itaque
2108 3834 2323 3909 ambo
2354 3834 2655 3934 profecti
2686 3848 2873 3907 sunt.

1046 4056 1192 4137 (Α,
1217 4075 1302 4122 sa,
1328 4056 1404 4123 d,
1431 4056 1640 4111 abscisa.

1051 4141 1066 4172 ⁸
1106 4140 1182 4195 eis
1199 4157 1348 4214 ηιμ-η
1363 4144 1535 4214 posito
1569 4141 1652 4195 his
1679 4140 1854 4194 codex.
