3459 5375
891 544 972 603 80
1598 538 1934 600 RICHERI
1979 537 2122 599 LIB.
2172 539 2292 597 111.

888 696 1134 745 rarum
1184 671 1477 743 scientia
1524 670 1756 744 clarus
1779 726 1797 762 ‚
1831 671 2014 744 adeo
2057 687 2138 744 ut
2179 673 2255 743 in
2291 670 2728 769 ‘disputando
2765 693 2854 741 ex
2887 685 3040 743 ane

890 805 963 862 et
1024 803 1460 889 proponeret
1486 844 1505 879 ‚
1574 804 1647 861 et
1712 788 2177 889 probabiliter
2245 786 2733 861 concluderet.
2813 792 3038 861 Penes

888 932 1110 1006 quem
1136 932 1437 1005 regnum
1472 908 1871 979 Germaniae
1907 932 2076 981 cum
2115 906 2506 980 Galliarum
2537 906 2780 1005 aliqua
2809 922 3033 1006 parte,

893 1051 1120 1124 usque
1160 1025 1252 1097 ad
1289 1025 1481 1096 diem
1518 1026 1677 1096 vitae
1721 1026 1872 1122 ejus
1912 1050 2328 1125 supremum
2355 1080 2376 1116 ,
2409 1021 2672 1097 mansit
2698 1081 2719 1117 ,
2749 1024 2878 1097 sed
2921 1025 3039 1097 ali-

892 1143 1187 1241 quando
1242 1141 1467 1219 dubio
1517 1156 1725 1213 statu.
1787 1146 1966 1213 Nam
2010 1144 2196 1216 inter
2238 1144 2474 1241 ipsum
2519 1158 2589 1213 et
2625 1142 3040 1215 Lotharium

891 1260 1263 1347 Gallorum
1306 1284 1547 1357 regem
1566 1314 1585 1351 ‚
1630 1260 2067 1357 quandoque
2097 1261 2114 1297 ⁴
2175 1274 2247 1332 et
2290 1259 2544 1331 odium
2581 1260 2893 1332 immane
2917 1314 2937 1351 ,
2971 1275 3044 1332 et

894 1402 1156 1476 anceps
1196 1376 1495 1448 victoria
1546 1376 1697 1448 fuit.
1742 1378 2026 1448 Etenim
2072 1402 2241 1449 cum
2293 1376 2410 1448 ab·
2439 1380 2704 1449 Ottone
2763 1376 3044 1475 Belgica

896 1508 1255 1567 teneretur
1272 1546 1292 1583 ,
1326 1508 1399 1565 et
1445 1517 1487 1563 a
1519 1492 1855 1564 Lothario
1893 1494 2353 1592 impeteretur
2366 1548 2385 1583 ‚
2427 1508 2676 1565 contra
2721 1518 2795 1565 se
2831 1492 3042 1565 dolos

894 1624 1018 1681 aut
1052 1610 1236 1680 vires
1272 1606 1786 1696 moliebantur,
1843 1626 1931 1679 eo
1973 1607 2172 1705 quod
2215 1623 2536 1705 uterque.
2557 1622 2631 1679 et
2667 1632 2878 1679 suum
2919 1632 3042 1707 pa-

894 1740 1079 1797 trem
1123 1750 1284 1797 eam
1335 1726 1645 1795 tenuisse
1686 1725 2160 1815 ‚contenderet
2179 1780 2196 1814 ,
2233 1741 2305 1797 et
2341 1728 2778 1798 exercituum
2804 1725 3040 1798 multi-

898 1840 1150 1915 tudine
1172 1858 1472 1939 uterque
1500 1866 1661 1913 eam
1688 1866 1765 1939 se
1789 1842 2252 1915 defensurum
2284 1869 2436 1915 non
2461 1842 2835 1915 diffideret.
2861 1845 3041 1915 Nam

882 1975 971 2032 et
1022 1960 1365 2037 Ludovici
1416 1960 1635 2059 patris
1684 1960 2000 2032 Lotharii
2062 1960 2193 2033 fuit
2213 2015 2232 2052 ‚
2279 1976 2351 2033 et
2397 1962 2547 2056 ejus
2599 1975 2766 2059 post
2808 1959 3034 2049 don0,

896 2078 1110 2174 hujus
1152 2078 1438 2149 Ottonis
1472 2093 1706 2177 pater,
1770 2082 1943 2151 Otto
1989 2078 2320 2150 obtinuit.
2379 2084 2654 2149 Horum
2698 2102 2869 2175 ergo
2906 2078 3044 2149 dis·

898 2194 1159 2267 cordiae
1182 2194 1621 2271 incentivum
1646 2195 2080 2294 principium
2117 2196 2394 2293 Belgica
2417 2195 2572 2267 fuit.
2665 2278 2670 2281 ¹

1285 2365 1542 2417 LXVIII.
1567 2395 1641 2407 —
1662 2364 1969 2437 Indignatio
1987 2366 2036 2431 ξ’·
2055 2366 2294 2420 Lotharii
2315 2367 2372 2418 in
2395 2368 2663 2421 Ottonem.

986 2510 1214 2605 ¹Igitur
1266 2508 1340 2577 in
1384 2508 1696 2604 Aquensi
1735 2507 2000 2605 palatio
2036 2512 2304 2581 Ottone
2347 2522 2842 2582 commorante
2879 2535 3045 2583 cum

898 2626 1204 2722 conjuge
1242 2622 1635 2722 Teuphanu
1684 2623 1974 2722 gravida
1996 2680 2015 2716 ‚
2076 2625 2450 2714 Lotharius
2499 2626 2700 2698 illum
2751 2629 3046 2728 propius

898 2743 1273 2821 accessisse
1304 2742 1646 2814 acerrime
1688 2757 1930 2813 motus
1968 2743 2491 2840 indignabatur.
2529 2749 2715 2842 Ergo
2743 2750 3046 2816 Franco·

902 2885 1065 2930 rum
1132 2859 1393 2930 ducem
1451 2864 1830 2956 Hugonem
1914 2859 2368 2958 reliquosque
2442 2862 2640 2957 regni
2704 2863 3046 2961 primates

900 2976 1277 3076 consilium
1312 2978 1660 3074 petiturus
1696 2977 2025 3048 Lauduni
2065 2978 2370 3075 collegit.
2415 2982 2579 3049 Dux
2611 2980 2849 3077 itaque
2887 3005 3048 3077 pro-

832 3139 839 3144 ·
900 3095 1127 3165 cessit.
1162 3093 1437 3191 Reliqui
1463 3096 1678 3166 etiam
1709 3095 1968 3192 quibus
1994 3121 2284 3193 quoque
2313 3097 2841 3168 consulendum
2867 3112 3041 3187 erat,

900 3225 1065 3282 ante
1105 3203 1347 3307 regem
1396 3227 1919 3307 consequenter
1981 3212 2272 3283 admissi
2316 3226 2504 3283 sunt.
2567 3213 2841 3300 Quibus
2881 3215 3046 3285 resi-

901 3327 1235 3400 dentibus
1267 3353 1391 3399 rex
1424 3327 1787 3427 duplicem
1827 3331 2161 3425 injuriam
2199 3328 2333 3401 sibi
2369 3330 2645 3403 illatam
2671 3357 2823 3403 esse
2849 3355 3049 3402 -com-

902 3461 1280 3535 memorat,
1322 3471 1491 3532 oum
1516 3448 1715 3542 regni
1751 3447 1859 3518 sui
1892 3472 2058 3545 pars
2087 3447 2177 3519 ab
2207 3447 2412 3520 hoste
2448 3464 2784 3547 usurpata
2811 3449 3040 3540 fuerit,

903 3577 975 3632 et
1001 3563 1151 3662 ipse
1188 3562 1414 3634 hostis
1456 3561 1550 3634 ad
1594 3561 1773 3634 fines
1811 3588 1978 3639 suos
2015 3567 2431 3636 temerarius
2460 3567 2868 3658 accesserit3
2909 3591 3044 3638 nec

905 3680 1157 3784 majori
1204 3680 1476 3776 injuriae
1512 3663 1665 3750 esse
1712 3681 1912 3778 quod
1948 3683 2288 3774 tenuerit,
2336 3707 2552 3780 quam
2589 3684 2754 3781 quia
2798 3698 3048 3756 tenens

904 3796 997 3868 ad
1033 3797 1213 3869 fines
1253 3823 1420 3868 suos
1460 3794 1798 3869 accedere
1835 3822 1984 3868 non
2033 3797 2552 3900 formidaverit3
2606 3827 2682 3872 se
2722 3803 2936 3873 etiam
2972 3800 3047 3871 id

904 3915 1128 3986 multa
1185 3913 1515 4000 aviditate
1567 3914 1808 3986 ulcisci
1861 3914 2080 4008 velle,
2141 3919 2202 3988 si
2264 3918 2562 3989 consilio
2633 3943 2766 3990 suo
2829 3917 3051 3990 velint

903 4031 1199 4123 cedere;
1239 4057 1373 4104 nec
1416 4057 1627 4138 posse
1669 4059 1745 4106 se
1785 4033 1878 4104 ab
1917 4035 2058 4107 hoc
2093 4035 2337 4107 animo
2379 4038 2798 4135 temperari,
2849 4037 2907 4106 si
2957 4034 3051 4108 ad

973 4217 1006 4251 ‘¹'
1030 4217 1096 4268 ‘io
1136 4217 1267 4268 absc.

978 4303 993 4332 ¹
1034 4302 1339 4372 plerumque
1364 4321 1487 4352 corr.
1518 4302 1854 4372 quandoque.
