3459 5375
826 568 833 579 '
878 594 957 653 93
1600 583 1936 671 3101111111
1980 578 2126 651 LIB'.
2173 588 2308 647 ιιι..

876 734 1247 823 pressurus
1272 724 1485 795 etiam
1510 722 1573 794 si
1592 718 1944 820 ,qui-forte
1981 733 2218 794 essent
2243 720 2588 798 tumultus
2607 776 2626 811 ‚
2659 738 2732 795 et
2753 726 3018 797 tumul-

876 857 1157 914 tuantes
1199 843 1272 917 in
1317 864 1571 941 pacem
1606 855 2066 914 revocaturus
2123 841 2183 913 si
2227 842 2352 939 qui
2371 832 2798 942 ⁸>principum
2839 843 3020 916 forte

877 958 1325 1035 dissiderent.
1352 956 1750 1031 motharius
1773 984 1948 1031 vero
1998 957 2440 1031 Laudunum.
2466 960 3019 1061 νθιιίοιιεῖιιριιᾶ

871 1088 1046 1154 suos
1086 1102 1383 1177 quaeque
1432 1100 1751 1175 congrua
1789 1075 1923 1149 sibi
1946 1076 2444 1177 pertractabat.
2479 1078 2670 1169 Nee
2643 1102 2796 1173 Jam
2829 1079 3021 1175 quic-

875 1222 1095 1294 quam
1120 1195 1273 1297 spei
1286 1220 1385 1267 ex
1419 1193 1602 1267 duce
1626 1193 1976 1295 habebat,
2019 1218 2185 1297 curn
2217 1210 2514 1293 propter
2555 1212 2808 1291 pacem
2850 1192 3020 1267 dolo

876 1313 1241 1411 quaesitam
1256 1364 1275 1400 ,
1330 1334 1481 1383 non
1522 1300 1978 1384 mediocriter
2015 1336 2185 1383 eum
2231 1326 2641 1408 suspectum
2689 1310 3014 1383 haberet.

874 1431 1059 1499 Cum
1096 1426 1264 1523 jam
1290 1419 1442 1499 haec
1490 1426 1736 1497 omnia
1773 1408 1990 1524 vulgo
2040 1426 2595 1526 praedicarentur
2613 1479 2633 1518 ,
2689 1426 3020 1520 nonnulli

874 1568 1167 1642 quoque
1210 1542 1379 1615 inde
1411 1543 1774 1640 indignati
1795 1566 1938 1643 pro
1961 1543 2148 1615 duce
2192 1544 2613 1637 fremerent,
2669 1542 2816 1615 dux
2855 1570 3024 1617 con·

875 1660 1088 1731 stanti
1122 1658 1365 1759 animo
1411 1659 1766 1731 tristitiam
1815 1656 2266 1739 dissimulans
2308 1663 2555 1739 onmia
2584 1660 2904 1753 ferebat3
2952 1676 3023 1734 et

816 1785 821 1794 '
878 1778 1061 1874 sicut
1084 1777 1303 1857 moris
1322 1777 1393 1847 ei'
1414 1791 1564 1849 erat
1588 1776 1922 1877 consulto
1949 1778 2196 1850 omnia
2217 1777 2614 1875 deliberare
2639 1834 2659 1871 ‚
2703 1780 3022 1879 primati-

874 1893 1011 1965 bus
1047 1890 1409 1967 advocatis
1434 1870 1980 1968 declamaturus
1986 1878 2276 1966 resedit.

1348 2329 1728 2393 1113301.-
1751 2337 1982 2390 Oratio*
2007 2336 2156 2391 ducis
2177 2337 2210 2371 ¹
2240 2335 2383 2451 apud
2414 2356 2555 2389 §.uos

978 2478 1257 2568 Quibus
1292 2504 1540 2551 coram
1580 2480 1683 2551 sic
1728 2502 1937 2571 orsus
1981 2479 2217 2579 cepit.
2257 2509 2293 2547 «
2327 2481 2489 2551 Non
2527 2446 2779 2579 praeter
2835 2479 3026 2553 fruc-

886 2630 920 2668 «
966 2616 1120 2671 tum
1172 2598 1361 2671 utilis
1415 2614 1489 2671 et
1523 2599 1812 2671 honesti
1847 2598 2226 2673 consilium
2277 2622 2321 2670 3
2367 2597 2595 2698 doctis
2645 2600 3020 2732 expetitur.

886 2719 924 2786 «ἑ
965 2716 1242 2804 Quibus
1296 2713 1464 2788 solis
1516 2731 1589 2790 et
1637 2715 1979 2788 decenter
2033 2714 2421 2823 acceditur,
2464 2732 2536 2788 et
2575 2714 2667 2788 ab
2711 2717 2812 2794 eis
2855 2717 3032 2789 ssuc-

887 2863 923 2902 «
965 2827 1207 2905 tuanti
1218 2833 1322 2904 rei
1362 2831 1640 2908 consilli
1676 2833 1866 2908 ratio
1901 2833 2239 2930 aperitur.
2282 2830 2488 2905 Vos
2469 2858 2543 2905 ιιι
2583 2832 3028 2905 consulendo

842 2927 847 2941 Ι
887 2981 923 3019 «
929 2933 1273 3026 arbitror
1321 2951 1625 3024 idoneos
1684 2952 1699 3033 f
1731 3005 1753 3042 ‚
1812 2975 1981 3022 cum
2031 2949 2123 3023 ab
2169 2951 2412 3034 animo
2461 2975 2614 3023 non
2665 2951 3025 3042 discedat,

888 3099 923 3138 ιι
959 3083 1243 3168 quanta
1290 3069 1551 3142 virtute
1596 3084 1670 3141 et
1712 3069 2002 3166 ingenio
2058 3069 2311 3160 vestri,
2347 3068 2856 3167 -saepenumero'
2909 3068 3037 3140 ad·

888 3216 923 3256 «
964 3187 1289 3260 versariis
1328 3187 1833 3285 praenituerim.
1878 3189 2202 3283 Cumque
2226 3211 2359 3257 vos
2385 3185 2562 3258 mihi
2603 3185 2932 3257 manibus
2963 3201 3035 3258 et

888 3333 924 3372 «
968 3316 1411 3374 sacramento
1478 3301 1863 3392 addictosff
1909 3299 2138 3396 fidem
2197 3325 2490 3399 quoque
2549 3300 3030 3377 inviolabilem

890 3451 925 3488 «
964 3434 1369 3510 servaturos
1415 3442 1565 3490 non
1622 3419 1996 3510 dubitem3
2058 3418 2545 3490 indubitanter
2591 3443 2634 3490 a
2701 3417 3033 3492 fidelibus

890 3567 924 3607 c<
968 3532 1345 3608 consiliuin
1378 3549 1573 3634 peto,
1617 3534 1837 3623 Quod
1873 3537 1935 3608 si
1974 3527 2150 3606 mihi
2177 3534 2624 3654 conceditur,
2666 3560 2796 3606 vos
2821 3535 3032 3606 etiam

889 3684 927 3724 «
969 3651 1501 3754 participabitis.
1568 3645 1644 3724 Si
1690 3679 1842 3724 non
1871 3653 2267 3752 suggeritur
2285 3704 2306 3744 ,
2367 3653 2548 3725 forte
2606 3678 2758 3725 non
2811 3651 3038 3725 aberit

890 3805 925 3844 «
969 3771 1428 3874 dispendium
1472 3773 1589 3844 cui
1644 3771 2024 3847 indecores
2073 3769 2577 3856 succumbatis.
2638 3777 2826 3872 Ergo
2870 3771 3039 3869 quia

887 3922 921 3962 «
966 3917 1103 3992 pro
1112 3892 1273 3963 vita
1296 3891 1562 3989 agitur
1592 3890 1972 3964 consilium
1997 3889 2169 3982 utile
2196 3889 2580 3962 liberaliter
2609 3889 3028 3989 expromite.

953 4129 987 4169 ⁴*
1020 4133 1101 4202 O,
1126 4130 1165 4186 d
1186 4083 1397 4186 «ihs-cisa.
1444 4165 1486 4210 ⁶
1755 4149 1762 4156 ·

957 4219 974 4250 ¹
1014 4219 1055 4270 i.
1086 4233 1227 4287 ,quoa
1263 4227 1315 4266 et
1338 4211 1621 4286 ngenium
1662 4206 1931 4282 cogitandi
1972 4221 2025 4262 et
2063 4209 2200 4262 ratio
2242 4207 2456 4262 dicendi
2489 4207 2724 4262 reddidit
2774 4205 3038 4260 clau-iom-

882 4304 1031 4370 Quos
1053 4315 1169 4356 non
1190 4297 1380 4352 dubito
1403 4295 1471 4351 de
1494 4295 1715 4367 pernitie
1741 4295 2008 4347 bonorum
2032 4293 2233 4347 dolere.
2259 4293 2498 4376 quibusi
2481 4293 2680 4398 ingenti
2703 4291 2894 4345 virtute
2915 4285 3041 4362 pro·

878 4385 1107 4459 poitum
1134 4375 1199 4436 nit
1224 4379 1481 4452 improbis
1505 4377 1800 4449 displicere.
1827 4379 1894 4430 Et
1916 4377 2024 4428 dele
2025 4391 2078 4428 ta
