3459 5375
887 538 970 599 66
1609 526 1943 589 RICHERI
1988 526 2139 588 LIB.
2188 528 2306 586 111.

887 666 1108 737 classe
1159 667 1592 735 Ravennam.
1654 664 1743 730 Et
1790 673 2114 756 tempore
2146 673 2533 756 oportuno,
2588 660 3035 758 imperatoris

881 784 1082 880 jussu
1097 836 1117 873 ,
1153 801 1404 852 omnes
1433 777 1782 875 sapientes
1818 776 1943 873 qui
1972 789 2457 847 convenerant
2478 778 2664 848 intra
2690 777 3032 875 palatium

889 900 1166 973 collecti
1193 912 1380 969 sunt.
1422 896 1633 967 Affuit
1668 892 2043 994 praedictus
2078 892 2510 967 reverendus
2542 896 3031 995 metropolita—

889 1042 1066 1105 nus3
1108 1010 1307 1086 affuit
1328 1026 1400 1084 et
1435 1010 1622 1083 Adso
1645 1008 1865 1081 abbas
1898 1010 2301 1097 DervensiS,
2341 1010 2663 1106 quicum
2695 1011 2854 1111 ipso
2882 1036 3031 1085 me-

891 1132 1324 1231 tropolitano
1387 1127 1809 1215 advenerat3
1858 1125 1991 1197 sed
2036 1141 2107 1197 et
2157 1126 2441 1225 Otricus
2495 1152 2804 1225 praesens
2851 1145 3027 1221 erat,

889 1252 1014 1350 qui
1041 1273 1234 1321 anno
1261 1246 1623 1345 superiore
1645 1236 1983 1315 ⁴Gerberti
2016 1241 2607 1341 reprehensorem
2641 1270 2793 1318 sese
2822 1272 3033 1320 mon-

888 1381 1247 1440 straverat.
1291 1368 1640 1435 Numerus
1675 1384 1967 1458 quoque
2000 1358 2537 1431 scolasticorum
2585 1386 2733 1433 non
2769 1379 3033 1462 parvus

839 1544 847 1552 ,
887 1484 1328 1556 confluxerat
1349 1534 1366 1569 ,
1448 1480 1572 1577 qui
1611 1480 1626 1515 ¹
1711 1477 2205 1549 imminentem
2270 1474 2769 1575 disputationis
2832 1481 3033 1555 litem

887 1622 1345 1697 summopere
1421 1593 2033 1697 praestolabantur.
2120 1594 2499 1667 Haerebant
2556 1600 2822 1669 etenim
2850 1654 2868 1691 ‚
2937 1624 3032 1673 an

886 1718 1131 1791 Otrico
1157 1716 1183 1753 ²
1225 1714 1576 1813 quispiam
1620 1712 1941 1784 resistere
1991 1712 2307 1785 auderet.
2346 1716 2639 1785 Necnon
2684 1728 2756 1785 et
2790 1740 3036 1813 augus-

883 1826 996 1907 t'us
1012 1832 1426 1933 hujusmodi
1445 1842 1805 1902 certamen
1826 1823 2243 1901 habendum
2261 1828 2514 1902 callide
2527 1830 3025 1928 pertractabat.

885 1950 1252 2025 Nitebatur
1305 1963 1544 2021 autem
1595 1946 2027 2019 Gerbertum
2083 1947 2453 2018 incautum
2508 1948 2752 2019 Otrico
2805 1950 3032 2048 oppo-

883 2094 1082 2159 nere,
1129 2082 1210 2139 ut
1237 2067 1295 2137 si
1332 2067 1655 2137 incautus
1689 2078 2168 2163 appeteretur,
2216 2064 2565 2159 majorem
2616 2080 3032 2139 controver-

882 2185 1088 2259 sandi
1119 2186 1439 2259 animum
1473 2184 1546 2253 in
1597 2182 2037 2253 contrarium
2074 2196 2416 2253 moveret.
2468 2182 2795 2255 Otricum
2826 2208 3029 2275 vero,

881 2301 1107 2374 multa
1156 2324 1588 2399 proponere,
1655 2298 1921 2370 nihilve
1976 2298 2253 2370 solvere
2302 2297 2745 2371 hortabatur.
2805 2305 3034 2400 Atque

881 2416 994 2489 his
1016 2416 1352 2488 omnibus
1369 2440 1456 2487 ex
1475 2414 1729 2486 ordine
1748 2414 1773 2451 ³
1804 2414 2367 2505 considentibuS,
2386 2430 2749 2513 augustuS,
2776 2440 3031 2489 eorum

884 2534 1184 2623 mediuS,
1227 2535 1326 2605 sic
1355 2558 1398 2604 e
1433 2532 1716 2605 sublimi
1747 2534 1962 2630 coepit
1982 2546 2009 2601 ':

975 2743 1179 2833 Lvlll.
1215 2809 1288 2821 —
1319 2737 1819 2848 Allocutio⁴augusti
1850 2777 2060 2830 Ottonis
2090 2777 2146 2830 in
2189 2791 2454 2861 conventu
2485 2778 2801 2850 sapientium
2832 2799 2933 2852 pro
3014 2851 3019 2861 Ι

1189 2867 1198 2878 “
1651 2866 2021 2920 emendatione
2050 2867 2249 2937 figurae.
2315 2889 2319 2897 ·

2308 2937 2326 2997 l

985 3063 1022 3101 «
1057 3037 1464 3104 Humanam
1497 3059 1530 3098 υ
1565 3031 1895 3128 inquiens
1928 3060 1963 3098 α
2005 3046 2084 3102 ut
2116 3031 2420 3103 arbitror
2444 3035 2809 3106 scientiam
2824 3089 2842 3126 ,
2874 3059 3031 3108 cre-

889 3177 924 3215 «
966 3147 1097 3218 bra
1135 3146 1498 3218 meditatio
1542 3145 1656 3217 vel
1697 3147 2105 3218 exercitatio
2146 3146 2380 3219 reddit
2416 3148 2812 3242 meliooem,
2846 3175 3029 3249 quo-

889 3294 924 3331 «
968 3265 1150 3335 tiens
1187 3283 1431 3334 rerum
1477 3263 1771 3333 materia
1814 3277 2304 3362 competenter
2342 3264 2667 3339 ordinata
2683 3320 2701 3357 ,
2760 3291 3030 3340 sermo-

890 3411 924 3448 «
967 3359 1176 3452 nibus
1200 3379 1580 3477 exquisitiS,
1603 3404 1733 3478 per
1753 3379 2108 3477 quoslibet
2129 3383 2479 3480 sapientes
2506 3379 2816 3456 effertur.
2851 3389 3031 3456 Nam

893 3511 930 3566 «'
972 3524 1139 3570 cum
1181 3523 1311 3597 per
1355 3481 1582 3569 otium
1642 3498 2009 3595 sepissime
2051 3513 2443 3598 torpemus,
2508 3501 2565 3570 si
2625 3500 3032 3599 aliquorum

893 3647 928 3684 «
971 3615 1338 3714 pulsemur
1382 3614 1896 3712 questionibus,
1952 3614 2043 3686 ad
2095 3615 2468 3686 utillimam
2514 3640 2684 3687 mox
2733 3618 3033 3689 medita-

895 3763 930 3800 «
973 3733 1244 3806 tionem
1274 3732 1676 3804 incitamur.
1717 3732 1902 3803 Hinc
1929 3732 2217 3804 scientia
2252 3757 2495 3805 rerum
2534 3757 2577 3805 a
2610 3734 3034 3807 doctissimis

897 3880 932 3917 «
975 3849 1205 3922 elicita
1235 3863 1362 3921 est.
1399 3850 1582 3921 Hinc
1606 3863 1710 3921 est
1738 3849 1937 3946 quod
1970 3848 2061 3921 ab
2094 3850 2197 3924 eis
2224 3850 2524 3948 prolata,
2554 3849 2750 3924 libris
2778 3852 3035 3924 tradita

897 3997 933 4034 «
977 3980 1165 4055 sunt,
1208 3965 1556 4063 nobisque
1589 3967 1682 4038 ad
1726 3966 1903 4039 boni
1936 3967 2257 4039 exercicii
2286 3967 2581 4064 gloriam
2598 4023 2618 4060 ,
2660 3967 2995 4042 derelicta
3012 4025 3027 4040 .

961 4141 980 4173 ³
1013 4142 1105 4212 qui
1127 4141 1184 4194 id
1211 4142 1482 4213 negotium
1501 4141 1909 4214 perpenderant.
1940 4155 1991 4197 et
2015 4144 2085 4196 ob
2118 4142 2222 4196 hoc
2248 4142 2426 4195 deleta.

961 4227 986 4259 ¹
1021 4245 1205 4280 eorum
1227 4226 1528 4282 doctissimo
1554 4245 1680 4279 cor-r.
1713 4224 1917 4282 Oti-ico.

963 4311 988 4342 ⁸
1015 4314 1140 4382 jussi
1169 4331 1294 4364 corr.
1329 4331 1392 4364 ex
1425 4311 1630 4365 ordine.
