3459 5375
920 560 953 613 .1
966 552 1044 613 62
1632 544 1966 607 RICHERI
2015 544 2162 608 LlB.
2215 544 2322 601 lv.

919 683 1383 782 querimoniis
1409 679 1780 753 excitabat.
1810 680 1952 766 Qui
1973 676 2282 750 lacrimis
2309 676 2614 749 suffusus
2643 704 2657 746 ε
2695 704 2730 744 α
2761 676 2989 750 Video
3020 708 3058 745 n

923 803 1154 900 inquit
1190 829 1227 869 «
1274 814 1549 872 aetatem
1612 822 1847 869 meam
1908 794 2296 897 procedere
2317 851 2336 885 ,
2401 788 2472 865 et
2521 819 2640 865 me
2697 795 2932 893 ipsum
2985 796 3058 866 in

927 949 961 987 «
1005 920 1189 1007 dies,
1230 915 1639 1016 patrimonii
1685 914 1896 985 rebus
1932 913 2116 984 exui.
2153 910 2359 983 Unde
2400 936 2535 982 nec
2571 912 2722 984 sine
2757 911 3064 984 lacrimis

926 1064 961 1101 «
1002 1033 1338 1132 parvulos
1379 1056 1581 1103 meos
1616 1017 1927 1128 aspicere
1962 1028 2164 1100 valeo
2183 1082 2204 1117 ‚
2245 1027 2537 1101 infelicis
2584 1031 2901 1126 germina
2943 1054 3068 1127 pa·-

925 1180 961 1219 «
1006 1152 1151 1222 tris.
1196 1148 1473 1237 Quibus
1510 1149 1747 1247 potius
1774 1162 2023 1219 auctor
2055 1170 2216 1217 sum
2250 1145 2468 1216 futuri
2501 1145 2804 1237 doloriS,
2846 1171 3062 1245 quam

924 1298 959 1335 α
1002 1268 1323 1339 honoris.
1366 1268 1544 1339 Satis
1578 1265 1817 1338 infelix
1853 1279 2056 1363 pater
2090 1263 2186 1335 fui
2207 1314 2226 1353 ‚
2268 1264 2392 1359 qui
2435 1264 2617 1335 natis
2659 1263 2904 1335 adesse
2949 1264 3068 1333 vix

924 1412 957 1449 «
1002 1383 1387 1480 aliquando
1416 1382 1643 1481 potui.
1688 1382 1828 1453 Sed
1867 1381 2115 1453 saltem
2150 1404 2282 1451 vos
2316 1380 2523 1451 amici
2559 1381 2904 1451 consulite
2940 1380 3072 1451 do-

924 1529 959 1565 «
1003 1500 1177 1571 lenti
1244 1502 1461 1598 patri,
1529 1499 1900 1571 subvenite
1963 1497 2296 1569 destituto
2361 1499 2660 1595 parenti.
2732 1498 3066 1571 Adestote

922 1645 958 1683 «
1004 1616 1186 1687 natis
1244 1616 1321 1686 in
1378 1630 1580 1687 aetate
1633 1616 2015 1686 tenerrima
2077 1640 2410 1686 erumnas
2455 1615 2605 1711 jam
2653 1615 3060 1687 scientibus.

918 1760 956 1802 «
1000 1731 1379 1804 Providete
1414 1731 1702 1827 abjectis
1737 1733 1812 1802 in
1841 1756 2069 1823 casuS,
2112 1756 2204 1804 an
2243 1731 2754 1803 inrevocabiles
2795 1734 3062 1823 nescio,

921 1880 955 1917 c<
1000 1850 1311 1921 exituris.
1373 1847 1680 1920 Suadeat
1714 1847 1918 1920 vobis
1966 1848 2213 1920 saltem
2258 1848 2616 1945 sanguinis
2665 1851 3072 1921 communis

922 1996 957 2033 ε(
1000 1964 1301 2037 affinitas
1330 1966 1348 2002 ⁴
1372 2021 1386 2035 .
1431 1963 1740 2036 Suadeat
1764 1982 1835 2037 et
1859 1965 2190 2036 nobilitas
2218 1990 2365 2035 non
2393 1964 2852 2062 neglegenda.
2896 1970 3070 2039 Sua·

922 2113 957 2150 a
1002 2082 1168 2155 deat
1202 2097 1270 2154 et
1321 2083 1885 2180 recompensatio
1907 2136 1926 2172 ‚
1968 2107 2126 2179 quae
2159 2083 2250 2153 sit
2302 2107 2450 2153 non
2499 2084 2652 2156 sine
2696 2084 3068 2184 multiplici

923 2230 955 2267 «ι
1003 2200 1232 2271 fructu
1268 2195 1603 2270 reditura.
1656 2228 1689 2263 »

1923 2386 2046 2437 XV.

1013 2526 1179 2595 Mox
1207 2547 1462 2595 omnes
1503 2523 1849 2592 commoti
1879 2522 1939 2612 ²,
1985 2522 2323 2594 auxilium
2349 2522 2745 2621 spondent,
2797 2541 2868 2598 et
2914 2552 3067 2599 sese

919 2638 1013 2712 ad
1039 2636 1524 2712 auxiliandum
1549 2638 2073 2736 promptissime
2099 2654 2376 2739 parant.
2410 2644 2736 2728 Quorum
2772 2642 3069 2715 consilio

920 2783 1090 2830 usus
1110 2811 1128 2848 ‚
1162 2756 1645 2855 exploratores
1686 2755 1987 2828 Karolus
2021 2759 2300 2830 mittere
2326 2760 2514 2856 cepit
2531 2813 2550 2850 ,
2582 2761 2708 2856 qui
2731 2762 3070 2858 sagaciter

920 2873 1449 2973 perpenderent
1508 2873 1569 2945 si
1622 2897 1766 2970 qua
1823 2874 2267 2972 oportunitas
2323 2889 2635 2972 pateret,
2701 2902 2844 2974 qua
2887 2881 3066 2949 Lau-

923 2990 1203 3063 dunum
1230 2990 1507 3086 ingredi
1540 2990 1828 3061 valeret.
1876 2990 2142 3060 Directi
2180 2991 2780 3088 investigaverunt
2813 2994 3068 3092 depre-

919 3108 1470 3206 henderuntque
1511 3109 1788 3180 nullum
1825 3107 2096 3179 aditum
2121 3124 2388 3207 patere.
2423 3113 2604 3181 Cum
2647 3111 3072 3209 quibusdam

922 3243 1162 3298 tamen
1204 3225 1474 3297 civibus
1510 3241 1862 3297 secretum
1907 3225 2270 3296 contulere
2290 3281 2309 3315 ,
2354 3227 2480 3324 qui
2508 3227 2532 3263 ³
2580 3227 2910 3300 effectum
2951 3254 3074 3300 ne-

929 3342 1119 3437 gotio
1148 3357 1551 3438 quererent.
1585 3346 1749 3429 Quo
1782 3356 2100 3440 tempore
2121 3340 2497 3434 Adalbem,
2531 3345 2850 3440 ejusdem
2879 3345 3072 3417 urbis

930 3459 1302 3557 episcopus
1325 3512 1343 3548 ,
1405 3458 1548 3529 suis
1616 3457 1888 3562 civibus
1951 3457 2112 3555 plus
2169 3459 2360 3555 justo
2413 3462 2702 3558 injurias
2765 3463 2858 3536 de
2920 3464 3073 3562 lege

930 3575 1199 3669 agraria
1235 3573 1612 3671 irrogabat.
1656 3573 1864 3646 Unde
1903 3575 2198 3672 quidam
2224 3575 2314 3648 ab
2362 3603 2449 3648 eo
2497 3577 2797 3651 latenter
2834 3581 3073 3651 animo

932 3687 1408 3779 discedenteS‚
1483 3688 2180 3788 benivolentiamque
2244 3693 2654 3767 simulantes
2676 3749 2695 3784 ‚
2761 3695 3078 3793 explora·

937 3805 1207 3876 toribus
1230 3806 1571 3877 Karolum
1598 3832 1752 3879 sese
1778 3807 1850 3877 in
1891 3807 2144 3880 urbem
2180 3825 2590 3908 recepturos
2623 3812 3069 3909 promittunt.

1014 4016 1029 4046 ¹
1072 4033 1122 4069 a.
1148 4014 1376 4084 aliquam
1400 4015 1810 4069 misericordiam
1833 4017 2104 4071 ostendere
2131 4018 2307 4074 deleta.

1010 4097 1033 4127 ²
1070 4097 1189 4162 Qua
1212 4116 1265 4150 o.
1297 4117 1345 4149 c.
1376 4101 1747 4168 conquestione
1770 4100 1947 4151 deleta.

1012 4183 1033 4212 ⁸
1071 4200 1123 4250 q.
1156 4195 1207 4234 et
1231 4184 1397 4234 celare
1422 4197 1630 4254 possent
1652 4198 1701 4237 et
1725 4183 1902 4235 deleta.
