3459 5375
898 586 1013 646 118
1618 585 1952 647 RlCHERl
1997 586 2149 649 LIB.
2195 586 2316 647 Ill.

1596 768 1796 827 xcv1.
1827 800 1902 813 -
1921 772 2111 827 ohim,
2133 735 2364 826 ottenis.

990 940 1141 1009 Hac
1158 929 1583 1036 tempestate
1610 942 1782 1010 Otto
1807 962 1976 1009 cum
2001 937 2326 1011 Barbaria
2351 962 2799 1035 congressuS,
2831 938 3040 1011 mise-

893 1052 1099 1125 rabili
1158 1054 1458 1127 fortunae
1518 1050 1914 1127 succubuit.
1969 1060 2150 1127 Nam
2209 1070 2284 1127 et
2341 1056 2730 1129 exercitum
2799 1056 3036 1129 fusum

892 1171 1125 1243 amisit
1144 1224 1163 1263 ,
1200 1187 1272 1244 et
1314 1173 1464 1272 ipse
1498 1188 1748 1273 captus
1783 1173 1875 1245 ab
1917 1172 2242 1245 hostibus
2268 1227 2287 1263 ‚
2329 1172 2572 1244 divina
2605 1198 2778 1245 vero
2815 1176 3038 1271 gratia

892 1313 1215 1361 reversus
1242 1290 1393 1363 fnit.
1439 1293 1608 1364 Post
1642 1317 1810 1363 cum
1845 1317 1933 1365 ex
1969 1290 2438 1388 indigestione
2479 1294 2717 1362 Romae
2751 1290 3036 1363 labora-

895 1421 1003 1477 ret
1019 1460 1038 1495 ,
1081 1421 1156 1477 et
1192 1407 1504 1480 intestini
1540 1408 1896 1507 squibalas
1923 1435 2010 1481 ex
2055 1408 2525 1482 melancolico
2569 1408 2878 1481 humore
2911 1434 3037 1509 pa-

892 1538 1182 1615 teretur,
1224 1524 1435 1597 aloen
1460 1526 1554 1597 ad
1578 1516 1868 1626 pondus
1903 1526 2362 1624 dragmarum
2387 1540 2697 1624 quatuor
2721 1527 3038 1599 sanitatis

892 1640 1143 1714 avidus
1212 1645 1535 1743 sumpsit.
1612 1643 2212 1741 conturbatisque
2280 1642 2670 1715 visceribus
2691 1697 2711 1735 ‚
2776 1644 3040 1717 diarria

882 1757 1073 1856 jugis
1106 1776 1488 1857 prosecuta
1532 1776 1659 1833 est.
1704 1761 1922 1857 Cujus
1955 1762 2340 1833 continuus
2377 1760 2642 1851 fluxus,
2693 1761 3037 1833 emorroi-

893 1876 1021 1950 des
1055 1879 1421 1951 ,tumente's
1468 1882 1890 1978 procreavit.
1956 1883 2132 1967 Quae
2164 1880 2390 1951 etiam·
2439 1879 2858 1976 sanguinem
2903 1881 3036 1953 im-

890 1994 1346 2068 moderatum
1380 1996 1850 2089 effundenteS,
1883 2012 2192 2070 mortem
2227 2012 2392 2096 post
2427 1995 2582 2067 di'es
2617 2020 2768 2069 non
2792 1996 3034 2098 plures

894 2129 1201 2211 operatae
1236 2130 1425 2186 sunt.

1835 2250 2064 2323 xcvii.
2151 2336 2154 2341 Ι

990 2412 1122 2482 Cui
1156 2410 1493 2483 defuncto
1530 2409 1715 2483 filius
1751 2411 2232 2510 quinquennis
2267 2414 2441 2483 Otto
2476 2426 2830 2511 superstes
2853 2428 3030 2485 erat.

893 2529 1127 2614 Quem
1163 2529 1346 2628 patri
1388 2527 1772 2603 succedere
1801 2528 1881 2599 in
1922 2512 2226 2625 regnum
2263 2554 2432 2602 cum
2467 2530 2744 2627 aliquot
2770 2531 3035 2629 prima-

890 2662 996 2721 tes
1043 2648 1474 2743 voluissent,
1529 2651 1606 2723 id
1642 2649 1736 2723 ab
1769 2640 2122 2750 aliquibus
2163 2652 2685 2738 contradictum
2736 2666 2866 2726 est.
2917 2652 3037 2726 'In-

892 2769 1083 2864 genti
1118 2781 1357 2839 tamen
1396 2768 1655 2840 virtute
1680 2755 2016 2867 variaque
2053 2768 2338 2846 fortuna
2359 2770 2427 2842 ei
2461 2793 2764 2867 regnum
2787 2755 3037 2868 postea

889 2885 1348 2982 paraverunt.
1384 2891 1564 2958 Nam
1590 2869 1836 2959 Hezilo
1856 2942 1875 2978 ‚
1917 2889 2100 2985 ‘regis
2127 2885 2342 2987 paulo
2380 2903 2546 2960 ante
2573 2886 2890 2960 defuncti
2907 2911 3035 2986 pa-

891 3003 1160 3094 truelis,
1202 3005 1326 3102 qui
1360 3003 1597 3075 adhuc
1634 3005 1711 3075 in
1747 3029 2030 3077 carcere
2066 3005 2348 3078 vinctus
2377 3004 2474 3076 'ab
2511 3030 2600 3090 eo
2629 3001 3030 3096 tenebatur,'

890 3144 979 3192 eo
1026 3121 1227 3219 quod
1268 3119 1607 3193 adversus
1642 3111 1811 3194 eum
1847 3147 2149 3220 regnum
2187 3136 2585 3221 appeteret,
2645 3145 3033 3221 pravomm

890 3237 1077 3310 dolis
1114 3239 1189 3310 in
1224 3239 1604 3337 pernitiem
1631 3240 1735 3312 rei
1766 3239 2068 3338 publicae
2103 3239 2384 3339 elapsus
2397 3293 2417 3332 ,
2459 3256 2529 3312 et
2549 3239 3030 3338 quorumdam

884 3355 1405 3438 munitionibus
1452 3371 1777 3455 receptus
1826 3373 1956 3430 est.
2005 3358 2130 3428 Vir
2173 3379 2374 3455 aeque
2409 3371 2491 3428 ut
2525 3361 2698 3430 Otto
2740 3355 3023 3449 nobilis,

884 3497 1192 3572 corpore
1230 3473 1535 3572 eleganti
1567 3499 1651 3546 ac
1690 3474 1966 3570 valide,
2009 3475 2308 3547 honoris
2333 3475 2636 3574 cupidus
2667 3499 2751 3546 ac
2787 3475 3032 3548 factio-

882 3612 1035 3681 sus;
1077 3592 1320 3664 animo
1364 3607 1565 3664 vasto
1591 3647 1611 3684 ,
1679 3590 1810 3665 sed
1857 3589 2106 3664 fallaci.
2159 3593 2289 3664 Hic
2337 3589 2684 3690 regnandi
2731 3592 2980 3665 avidus
3002 3647 3022 3684 ,

880 3733 1136 3782 omnes
1162 3710 1573 3809 sacrilegOS,
1602 3721 1720 3784 aut
1739 3709 2014 3808 juditiis
2035 3699 2438 3800 convictOS‚
2471 3710 2616 3782 sive
2653 3711 2868 3782 etiam
2890 3735 3027 3810 pro

881 3824 1080 3898 factis
1116 3826 1454 3924 juditium
1510 3829 1844 3915 timentes
1863 3883 1882 3920 ‚
1931 3845 2306 3928 postremo
2343 3853 2598 3900 omnes
2643 3827 3030 3926 flagitiosos

878 3966 1064 4038 quos
1098 3946 1429 4016 conscius
1462 3948 1744 4018 animus
1771 3946 2202 4044 exagitabat,
2243 3945 2378 4018 sibi
2418 3947 2786 4046 proximos
2819 3973 2904 4018 ac
2931 3947 3029 4019 fa-

878 4060 1186 4133 miliares
1208 4061 1397 4133 fecit.·
1438 4061 1713 4134 Talium
1739 4063 1924 4136 dolis
1938 4118 1958 4157 ,
1999 4066 2183 4162 regis
2218 4063 2536 4136 defuncti
2575 4065 3026 4164 superstitem

876 4175 1102 4249 filium
1145 4183 1488 4252 Ottonem
1523 4205 1826 4282 parvum
1865 4180 2138 4282 rapuit,'
2183 4183 2338 4280 ejus
2371 4181 2538 4254 loco
2581 4207 2736 4254 sese
2769 4199 3026 4280 regna-

872 4309 1114 4367 turum
1153 4312 1369 4368 ratus,
1414 4301 1735 4395 Regnum
1763 4324 1933 4396 ergo
1965 4301 2167 4372 sicin
2199 4327 2408 4373 suum
2441 4299 2560 4397 jus
2595 4295 2876 4373 refundi
2915 4325 3025 4373 ar-
