3459 5375
969 600 1048 660 36
1631 650 1634 659 .
1673 596 2000 659 RICHERI
2046 596 2194 656 LIB.
2245 596 2363 656 111.

975 756 1009 794 «
1054 727 1435 798 convenire
1451 778 1470 815 ‚
1538 725 1596 796 si
1651 722 1961 795 fructum
2008 724 2309 827 virtutis·
2336 748 2647 820 quaerere
2704 724 3095 798 elaborent.

977 872 1011 911 «
1054 844 1230 915 Inde
1267 843 1458 915 enim
1495 858 1565 914 et
1597 840 1963 913 bonorum
2014 842 2270 913 utilitas
2288 895 2307 932 ,
2363 856 2433 912 et
2483 866 2721 913 rerum
2770 840 3105 916 honestas

974 990 1010 1027 «
1053 974 1530 1059 comparatur.
1574 960 1767 1031 Sicut
1802 974 2092 1031 econtra
2124 959 2593 1057 pernitiosum
2616 960 2672 1029 si
2708 961 2909 1058 pravi
2935 985 3105 1032 con-

975 1108 1011 1146 «
1054 1079 1311 1167 fluant,
1368 1092 1446 1148 ut
1481 1076 1715 1148 illicita
1752 1092 2070 1173 quaerant
2118 1090 2191 1147 et
2224 1074 2572 1173 expleant.
2618 1074 2826 1147 Unde
2870 1090 2941 1147 et
2976 1100 3105 1147 vos

975 1226 1009 1264 «
1053 1220 1236 1294 quos
1268 1197 1342 1267 in
1377 1196 1508 1267 Dei
1544 1195 1840 1266 nomine
1886 1192 2222 1266 collectos
2256 1192 2586 1282 arbitror,
2627 1188 2897 1291 optima
2926 1218 3107 1291 quae-

973 1342 1009 1381 «
1052 1338 1208 1385 rere
1241 1314 1518 1399 hortor,
1562 1327 1776 1408 atque
1824 1336 1911 1383 ex
1946 1308 2425 1381 malivolentia
2461 1310 2638 1381 nihil
2674 1310 2907 1382 moliri
2951 1336 3119 1383 mo-

973 1460 1009 1499 «
1053 1455 1218 1501 neo.
1291 1436 1509 1501 Amor
1569 1427 1902 1500 secularis
1957 1442 2027 1499 et
2086 1426 2358 1499 odium·
2401 1427 2595 1526 apud
2670 1448 2798 1499 vos
2866 1427 3108 1500 locum

973 1576 1010 1614 «
1053 1546 1332 1617 nullum
1366 1544 1710 1633 habeant,
1758 1543 2018 1641 quibus
2053 1560 2431 1615 enervatur
2470 1544 2770 1639 justitia,
2820 1545 3109 1641 aequitas

973 1692 1010 1730 «
1053 1628 1459 1735 suffocatur.
1502 1662 1736 1732 Vestri
1784 1660 2055 1732 ordinis
2106 1661 2396 1757 antiqua
2442 1659 2687 1757 religio
2707 1714 2727 1750 ,
2788 1660 2880 1731 ab
2932 1661 3111 1733 anti-

974 1810 1008 1847 «
1052 1780 1338 1877 quitatis
1371 1778 1769 1865 honestate,
1814 1792 1895 1849 ut
1919 1776 2107 1848 fama
2148 1794 2278 1868 est,
2325 1802 2537 1877 supra
2572 1778 2746 1848 mod
2754 1800 2877 1849 um
2910 1778 3111 1851 aber-

975 1926 1009 1964 «
1055 1897 1256 1968 ravit.
1299 1894 1665 1966 Dissidetis
1701 1895 1896 1967 enim
1920 1896 2105 1966 inter
2140 1918 2303 1985 VOS,
2347 1895 2421 1966 in
2448 1896 2603 1994 ipsa
2640 1894 2975 1991 regularis
3003 1920 3113 1993 ονε

977 2044 1011 2080 «
1057 2012 1242 2085 dinis
1277 2011 1827 2102 consuetudine,
1869 1998 2035 2083 cum
2071 2011 2271 2107 aliter
2306 2010 2506 2101 alter,
2548 2011 2723 2083 alter
2758 2012 2957 2084 aliter
2994 2038 3116 2084 ve-

977 2162 1012 2199 «
1057 2129 1138 2201 lit
1175 2155 1260 2202 ac
1311 2114 1588 2201 sentiat.
1645 2131 2097 2227 Quapropter
2136 2144 2207 2199 et
2254 2128 2603 2199 sanctitati
2649 2144 2894 2199 vestrae
2942 2128 3114 2200 hac-

980 2279 1014 2315 «
1059 2263 1266 2319 tenus
1313 2246 1619 2317 multum
1663 2244 2085 2342 derogatum
2120 2260 2248 2316 est.
2302 2243 2511 2317 Unde
2568 2260 2640 2317 et
2676 2244 2847 2317 utile
2894 2244 3065 2317 duxi
3088 2301 3108 2337 ,

981 2393 1016 2432 «
1060 2378 1140 2435 ut
1162 2364 1392 2453 vobis,
1437 2362 1557 2434 hic
1596 2364 1817 2457 gratia
1854 2362 1987 2433 Dei
2022 2362 2096 2431 in
2125 2386 2354 2433 unum
2380 2361 2693 2434 collectis
2715 2415 2734 2452 ‚
2776 2362 3116 2434 suadeam

983 2511 1017 2549 «
1061 2480 1253 2552 idem
1287 2479 1467 2553 velle
1483 2466 1512 2569 ⁵,
1543 2478 1739 2551 idem
1774 2480 2031 2551 sentire
2048 2532 2067 2569 ,
2099 2477 2291 2549 idem
2318 2479 2689 2576 cooperari
2707 2532 2726 2569 ,
2762 2493 2841 2550 ut
2864 2479 3117 2552 eadem

983 2628 1018 2665 «
1059 2596 1424 2668 voluntate
1445 2650 1464 2688 ‚
1521 2594 1782 2668 eodem
1829 2618 2041 2667 sensu
2063 2648 2083 2684 ‚
2150 2592 2403 2666 eadem
2450 2595 2953 2694 cooperatione
2973 2649 2992 2687 ‚
3048 2612 3122 2668 et

985 2745 1021 2784 «
1063 2716 1286 2786 virtus
1337 2713 1656 2812 neglecta
1689 2728 2073 2812 repetatur,
2126 2727 2197 2784 et
2228 2713 2590 2812 pravitatis
2638 2712 2947 2786 dedecus
3000 2739 3121 2787 ve-

987 2861 1022 2898 «
1063 2831 1592 2904 hementissime
1625 2829 2104 2929 propulsetur.
2158 2858 2193 2896 »

1078 3066 1090 3078 ·
1125 3043 1385 3096 XXXIV.
1409 3069 1484 3086 -—
1507 3043 1847 3114 Responsio*
1877 3043 2167 3113 primatia*
2192 3056 2245 3096 et
2271 3043 2328 3096 in
2350 3041 2975 3114 pravoe*indignatio*.

1086 3197 1193 3269 Ad
1239 3198 1390 3270 haec
1441 3195 1783 3268 abbatum
1820 3197 2087 3296 primas
2118 3225 2132 3267 :
2182 3227 2218 3264 «
2260 3196 2477 3285 Quod
2510 3199 2629 3270 hic
2667 3227 2701 3264 »
2732 3199 2965 3296 inquit
3004 3229 3039 3267 «
3082 3224 3125 3271 a

991 3345 1027 3382 «
1071 3329 1142 3386 te
1176 3313 1705 3412 promulgatum
1744 3330 1871 3402 est,
1914 3328 2115 3412 pater
2140 3315 2577 3386 sanctissime
2602 3367 2621 3404 ‚
2676 3313 2817 3386 alta
2855 3338 3126 3385 memo-

991 3460 1028 3496 «
1071 3433 1174 3502 ria
1209 3429 1673 3504 condendum
1708 3444 1849 3522 est,
1898 3454 1985 3502 eo
2034 3429 2232 3528 quod
2282 3446 2353 3502 et
2395 3455 2785 3530 corporum
2837 3430 3130 3527 dignita-

994 3579 1029 3616 «
1074 3563 1217 3620 tem
1234 3603 1252 3638 ,
1310 3563 1381 3619 et
1419 3549 1819 3620 animarum
1872 3547 2169 3619 salutem
2226 3547 2532 3620 affectes.
2586 3553 2879 3622 Constat
2934 3552 3130 3621 enim

996 3700 1030 3738 «
1075 3670 1169 3742 ad
1206 3668 1532 3742 habitum
1570 3671 1847 3742 virtutis
1872 3671 2237 3742 neminem
2276 3672 2679 3769 pervenisse
2702 3724 2722 3761 ,
2754 3671 2888 3742 nisi
2912 3695 3131 3768 quem

997 3816 1032 3854 «
1076 3785 1232 3857 talis
1271 3785 1550 3857 animus
1598 3786 1903 3858 munivit
1920 3839 1939 3876 ‚
1988 3811 2133 3884 quo
2171 3803 2243 3859 et
2277 3786 2678 3885 appetenda
2711 3802 2985 3885 peteret
3006 3842 3026 3878 ‚
3061 3804 3135 3862 et

999 3933 1036 3970 «
1077 3900 1365 3974 vitanda
1404 3900 1773 3974 refelleret.
1822 3903 2031 3974 Unde
2079 3919 2150 3976 et
2196 3917 2387 4002 patet
2430 3927 2565 3974 nos
2605 3903 2875 4002 aliquid
2917 3904 3134 3978 dede-

999 4046 1039 4084 «
1077 4016 1263 4088 coris
1328 4018 1760 4088 contraxisse
1780 4071 1799 4108 ‚
1863 4018 2061 4115 quod
2122 4017 2214 4090 ab
2288 4019 2703 4118 appetendis
2768 4021 3133 4120 aliquanto

998 4164 1034 4202 «
1077 4134 1580 4207 aberravimus.
1651 4136 1866 4222 Quod
1928 4137 2139 4208 etiam
2188 4135 2412 4208 multa
2474 4137 2967 4236 objurgatione
3028 4165 3138 4211 re-

1065 4361 1096 4393 *
1131 4377 1294 4430 pons,
1321 4358 1416 4411 atis
1435 4397 1450 4422 ,
1477 4353 1596 4422 v'os,
1623 4357 1728 4410 atio
1760 4357 1965 4410 abscisa.
