3459 5375
877 508 1004 568 220
1617 500 1954 562 mcnmu
1996 501 2148 564 LIB.
2198 499 2338 564 lvd

879 644 1049 710 Post
1079 660 1254 710 vero
1297 649 1544 734 optata
1583 633 1760 707 luce.
1778 633 2059 707 reddita
2076 688 2097 727 ,
2143 635 2364 706 nimia
2398 636 2632 708 esurie
2675 639 2981 712 confecti
3008 696 3031 732 ,

879 755 1224 828 maturius
1243 753 1622 826 affuerunt.
1653 753 1771 824 Eis
1795 754 2011 824 etiam
2030 751 2174 824 cibi
2194 751 2405 842 illati3
2426 776 2718 826 annona
2744 779 3039 854 quoque

881 897 1048 944 cum
1080 871 1304 970 paleis
1318 923 1340 960 ‚
1389 870 1588 968 equis
1623 870 2023 967 anteposita
2062 884 2191 942 est.
2241 869 2762 971 Dimittensque
2800 872 3044 947 abbati

883 989 1272 1087 Augustino
1293 988 1311 1025 ⁴
1358 1011 1668 1087 puerum
1687 984 2032 1084 peditem,
2062 984 2219 1057 solo
2246 988 2637 1060 Carnotino
2658 990 3043 1060 comitatus

884 1110 1276 1178 Carnotum
1323 1104 1583 1203 raptim
1622 1101 1903 1174 deveni.
1974 1101 2181 1173 Unde
2217 1127 2387 1173 mox
2428 1105 2629 1201 equis
2676 1105 2989 1177 remissis
3015 1161 3037 1196 ,

885 1223 978 1296 ab
1016 1222 1194 1294 urbe
1239 1220 1585 1292 Meldensi
1636 1245 1945 1319 puerum
2003 1221 2360 1292 revocavi.
2411 1225 2575 1310 Quo
2623 1222 2924 1296 reducto
2970 1238 3046 1296 et

887 1341 1090 1412 omni
1125 1338 1599 1411 sollicitudine
1639 1353 1881 1409 amota
1898 1392 1919 1430 ‚
1953 1339 2027 1408 in
2080 1337 2506 1436 aphorismis
2538 1339 2567 1376 ²
2617 1341 3043 1440 Yppocratis

887 1456 1259 1554 vigilanter
1289 1454 1532 1526 studui
1552 1453 1612 1545 ²,
1643 1453 1839 1552 apud
1863 1453 2218 1526 domnum
2240 1453 2743 1527 Herbrandum
2768 1481 3045 1553 magnae

891 1573 1322 1646 liberalitatis
1350 1585 1562 1670 atque
1590 1572 1897 1642 scientiae
1917 1571 2177 1642 virum.
2198 1575 2279 1640 In
2304 1570 2563 1668 quibus
2582 1596 2749 1644 cum
2767 1586 3045 1644 tantum

891 1688 1347 1788 prognostica
1381 1686 1807 1758 morborum
1848 1687 2276 1786 accepissem
2295 1741 2316 1778 ,
2358 1702 2429 1758 et
2464 1687 2763 1787 simplex
2789 1690 3045 1785 egritu-

894 1805 1147 1876 dinum
1184 1803 1496 1900 cognitio
1537 1802 1854 1901 cupienti
1891 1827 2040 1874 non
2077 1801 2431 1874 sufficeret
2449 1856 2468 1893 ,
2500 1805 2672 1902 petii
2701 1806 2917 1876 etiam
2952 1804 3043 1876 ab

896 1947 984 1994 eo
1020 1921 1402 1992 lectionem
1451 1919 1602 2015 ejus
1647 1919 1844 2011 libri,
1901 1920 2025 2016 qui
2070 1917 2475 1991 inscribitur
2527 1921 2619 1992 de
2660 1921 3045 1994 concordia

897 2037 1344 2135 YppocratiS,
1386 2035 1664 2107 Galieni
1687 2035 1712 2072 ⁸
1757 2048 1829 2106 et
1862 2037 2139 2126 Surani.
2180 2036 2399 2124 Quod
2423 2053 2495 2110 et
2523 2038 2837 2130 obtinui;
2880 2063 3045 2110 cum

900 2179 1068 2226 eum
1118 2155 1192 2225 in
1233 2167 1383 2224 arte
1432 2152 1939 2251 peritissimum
1962 2206 1982 2243 ,
2028 2139 2450 2248 dinamidia,
2506 2154 3005 2230 farmaceutica
3018 2209 3037 2248 ‚

901 2271 1265 2363 butanica,
1297 2284 1507 2368 atque
1533 2269 1877 2367 cirurgica
1902 2294 2052 2342 non
2079 2269 2403 2342 laterent.

983 3302 1074 3353 LI.
1094 3304 1344 3369 —Quod
1373 3324 1440 3359 ex
1475 3307 1685 3377 querela
1699 3306 1734 3343 ³⁸*
1764 3306 2262 3379 reprehendentium
2276 3308 2309 3341 ¹⁸*
2346 3308 2647 3379 captionem
2662 3309 2695 3341 ὓ
2730 3304 2937 3359 Amulfl
2962 3342 2979 3367 2

1409 3396 1552 3467 regio
1576 3397 1607 3432 '⁸¹
1631 3397 1824 3469 jussu*
1847 3397 2063 3451 sinodus
2082 3396 2116 3433 ³⁸*
2136 3399 2317 3451 habita
2333 3399 2365 3434 ¹¹
2396 3398 2540 3452 θεῖ’.

1012 3557 1151 3630 Sed
1180 3574 1259 3631 ut
1283 3561 1434 3657 jam
1460 3564 2127 3662 superioriS,negotii
2152 3564 2404 3635 seriem
2431 3576 2861 3660 repetamUS,
2890 3584 3049 3630 cum

915 3674 1013 3747 de‘
1043 3677 1358 3778 episcopi
1384 3682 1712 3780 captione
1748 3681 1965 3779 aliqui
1998 3681 2391 3753 amicorum
2422 3680 2447 3715 ⁴
2489 3678 3045 3776 indignarentur,

985 3860 1018 3895 ⁴*
1054 3878 1179 3912 uere
1199 3900 1215 3926 ,
1240 3861 1443 3930 enden,
1469 3864 1700 3930 tionem,
1728 3866 1848 3936 gio,
1874 3866 1987 3935 jus,
2012 3884 2104 3931 us,
2128 3864 2201 3917 ha
2219 3904 2235 3930 ,
2261 3876 2301 3916 t.
2328 3884 2388 3915 ex
2422 3867 2629 3935 conject.

987 3960 1006 3991 ¹
1045 3948 1148 4033 au}
1169 3982 1215 4013 c.
1246 3964 1321 4011 uti
1341 3972 1394 4011 ee
1418 3964 1470 4013 in
1507 3965 1784 4033 necrolog&
1818 3967 1855 4013 S
1861 4003 1873 4014 .
1904 3965 2113 4015 faronis
2148 3962 2415 4016 meldensis
2450 3982 2697 4016 occurren
2728 3958 2968 4023 videtne-5
2992 3978 3046 4009 v.

923 4044 1138 4097 Galliam
1166 4046 1516 4097 Christianam.

987 4132 1012 4162 ²
1047 4132 1145 4183 mis
1165 4172 1180 4197 ,
1207 4130 1302 4183 dui
1325 4131 1532 4183 abscisa.

989 4218 1012 4247 ⁸
1049 4220 1120 4268 ita
1146 4216 1258 4269 cod.

991 4301 1014 4331 ⁴
1041 4301 1429 4356 scolasticorum
1453 4320 1579 4354 corr.
1607 4299 1916 4352 amicorum.
