3459 5375
940 533 1056 593 190
1634 523 1963 584 RlCHERI
2004 524 2147 586 LIB.
2194 529 2297 586 IV.

1864 722 2116 776 XXXVI.

1034 871 1678 970 Comprehensique
1744 886 1815 942 et
1868 872 2285 944 Laudunum
2350 869 2544 942 ducti
2566 925 2585 960 ,
2638 867 3046 942 custodibus

941 989 1254 1088 deputati
1312 1003 1498 1059 sunt.
1563 987 1823 1059 Karolo
1866 987 2205 1060 redeunte
2261 1001 2331 1058 et
2362 985 2581 1058 fidem
2618 985 2709 1058 ab
2742 985 2845 1056 eis
2882 1010 3049 1082 que-⁶

940 1118 1138 1175 rente
1162 1157 1181 1192 ,
1221 1101 1643 1173 unanimiter
1675 1101 2130 1198 refragantur.
2184 1099 2449 1172 Odium
2490 1123 2659 1195 ergo
2696 1100 3051 1195 utrimque

940 1217 1308 1306 simulant3
1374 1218 1570 1316 pium
1637 1215 1963 1290 affectum
2016 1215 2214 1288 nullo
2274 1214 2495 1286 modo
2552 1214 2891 1314 produnt.
2946 1212 3051 1284 Ab

945 1350 1243 1429 utroque
1289 1331 1730 1428 querimonia
1777 1331 2121 1404 nonnulla
2174 1330 2652 1420 simulabatur,
2713 1355 2801 1401 eo
2855 1329 3055 1427 quod

943 1449 1114 1521 alter
1138 1446 1480 1536 desertor,
1530 1445 1702 1517 alter
1729 1447 2012 1519 invasor
2049 1447 2329 1519 alterius
2366 1446 2455 1519 ab
2490 1461 2787 1542 utroque
2827 1469 3053 1517 enun-

943 1564 1232 1635 tiaretur
1257 1562 1274 1598 ⁴
1297 1615 1312 1632 .
1340 1559 1650 1632 Tandem
1675 1561 2039 1633 Arnulfus²
2064 1575 2499 1632 sacramento
2524 1558 2737 1631 fidem
2762 1557 3047 1648 facienS,

943 1679 1258 1750 libertate
1283 1677 1546 1776 potitus
1586 1690 1688 1747 est
1722 1691 1792 1747 et
1833 1676 1922 1747 ad
1962 1702 2088 1748 sua
2129 1699 2468 1749 reversus,
2515 1674 2773 1747 Karolo
2800 1675 3053 1749 exinde

943 1796 1017 1866 in
1057 1793 1386 1865 omnibus
1425 1793 1624 1880 favit,
1665 1793 1783 1888 jus
1824 1817 2108 1889 quoque
2142 1793 2341 1883 fidei,
2389 1792 2537 1890 regi
2580 1792 3003 1864 servandum
3024 1843 3044 1878 ‚

943 1911 1220 2010 penitus
1253 1907 1552 2006 abrupit.
1584 1911 1673 1978 G.
1705 1923 1777 1980 et
1816 1913 1902 1978 V.
1948 1933 2076 2007 per
2117 1909 2265 1982 dies
2301 1909 2569 2006 aliquot
2608 1932 2887 1979 carcere
2933 1908 3051 1980 de-
3176 1949 3179 1952 >

943 2029 1158 2115 trusi,
1201 2051 1347 2098 non
1403 2025 1626 2096 multo
1652 2040 1816 2122 post
1849 2042 2285 2098 sacramento
2322 2025 2607 2114 astricti,
2642 2024 2873 2096 redire
2897 2051 3051 2123 per-

945 2145 1136 2215 missi
1202 2149 1387 2214 s'unt.
1459 2140 1756 2212 Karolus
1832 2165 1998 2238 ergo
2072 2142 2251 2214 felici
2309 2167 2635 2214 successu
2709 2142 2995 2238 insignis
3022 2195 3043 2232 ,

944 2262 1324 2331 Remorum
1376 2256 1825 2356 metropolim
1874 2283 2039 2328 cum
2093 2258 2433 2330 Lauduno
2452 2312 2473 2347 ,
2518 2281 2600 2329 ac
2642 2258 2997 2330 Suesionis
3022 2311 3042 2348 ,

942 2399 1322 2472 earumque
1357 2373 1635 2473 oppidis
1673 2375 1999 2471 optinuit.

1493 2593 1777 2646 XXXVII.
1803 2621 1876 2634 —
1896 2595 2127 2664 Impetus
2146 2594 2179 2628 ¹*
2206 2594 2506 2665 Hugonis*.

1038 2754 1180 2821 Nec
1213 2746 1434 2818 defuit
1475 2748 1598 2843 qui
1635 2744 1712 2817 id
1746 2745 1837 2816 ad
1880 2747 2059 2843 regis
2102 2747 2126 2783 ⁸
2184 2771 2388 2819 aures
2426 2748 2835 2846 perferrent.
2894 2752 3048 2836 Qua

940 2892 1064 2938 rex
1105 2862 1528 2937 contumelia
1569 2863 1972 2961 perstrictus
1989 2915 2008 2953 ,
2049 2862 2225 2959 quid
2262 2863 2428 2934 inde
2476 2862 2827 2960 agendum
2872 2863 3047 2935 foret

939 2976 1435 3053 sciscitabatur.
1487 2977 1984 3074 Comperitque
2023 3001 2171 3048 non
2209 2976 2535 3076 precibus
2555 3032 2574 3069 ‚
2625 3001 2773 3049 non
2808 2978 3038 3067 donis,

938 3097 1064 3171 sed
1105 3094 1370 3169 viribus
1403 3110 1474 3166 et
1505 3094 1718 3165 armis
1756 3093 2076 3163 invocata
2101 3093 2473 3165 Divinitate
2496 3094 2639 3165 hoc
2677 3119 2826 3167 esse
2860 3093 3044 3165 labe·

936 3210 1364 3284 factandum.
1399 3212 1534 3280 Sex
1567 3206 1757 3279 milia
1802 3208 2035 3304 itaque
2072 3208 2373 3281 militum
2407 3209 2708 3306 collegit,
2738 3211 2813 3281 in
2842 3211 3043 3281 tiran-

933 3351 1108 3400 num
1145 3328 1246 3399 ire
1281 3324 1703 3423 disponens3
1743 3322 2187 3395 obsidionem
2224 3326 2290 3396 ei
2327 3324 2664 3397 adhibere
2706 3327 2993 3423 cupiens
3014 3376 3035 3417 ,

931 3444 988 3514 si
1013 3442 1232 3540 copiae
1255 3439 1388 3511 sibi
1413 3438 1789 3529 sufficiant;
1812 3453 1882 3509 et
1902 3439 1960 3509 si
1986 3439 2051 3510 ei
2078 3438 2235 3510 felix
2259 3440 2440 3511 adsit
2471 3440 2772 3531 fortuna,
2800 3441 3039 3514 tandiu

930 3549 1005 3623 id
1029 3550 1466 3622 committere
1490 3548 1737 3621 volens
1755 3600 1775 3636 ‚
1810 3547 2040 3620 donec
2066 3564 2186 3621 aut
2222 3550 2433 3621 armis
2458 3564 2579 3620 aut
2602 3550 2835 3623 inedia
2876 3552 3037 3625 hos-

935 3682 1076 3738 tem
1117 3666 1519 3765 praecipitet.
1576 3664 2043 3736 Proficiseitur
2090 3690 2257 3762 ergo
2298 3668 2759 3763 magnanimis
2798 3684 2869 3739 et
2913 3693 3038 3765 per

931 3799 1188 3854 terram
1223 3781 1414 3854 unde
1449 3806 1809 3853 annonam
1851 3780 2089 3853 hostes
2128 3782 2580 3880 asportabant
2598 3838 2617 3876 ,
2661 3785 3035 3857 exercitum

1001 3994 1034 4027 ¹*
1069 4004 1181 4056 tus,
1213 3991 1294 4043 nis
1317 3990 1522 4043 abscisa.
2194 4044 2204 4055 ,

999 4077 1015 4107 ¹
1047 4072 1417 4146 proedicaretur
1437 4075 1762 4146 supraposito
1782 4076 2140 4130 enuntiaretur
2162 4076 2337 4129 codex.

995 4160 1019 4191 ²
1055 4158 1325 4229 episcopus
1347 4176 1490 4229 supra
1505 4158 1669 4228 posito
1697 4160 1789 4209 Ar.
1811 4158 1981 4211 codex.

999 4244 1024 4273 ³
1055 4260 1236 4311 regum
1257 4260 1402 4312 supra
1417 4244 1580 4313 posito
1606 4240 1648 4291 is
1673 4239 1843 4293 codex.
