3459 5375
827 507 941 565 108
1560 502 1893 563 RICHERI
1939 504 2088 573 LIB.
2138 505 2255 565 III.

1034 656 1399 763 Lxffiul.
1426 734 1497 765 -τ-
1522 708 1679 781 Hugo
1705 708 2014 763 inmutato*
2041 668 2276 763 habitat
2298 661 2514 764 insidia}
2538 660 2734 761 evadit:⁸

924 876 1089 942 Dux
1105 870 1372 943 horum
1392 896 1545 943 non
1568 872 1875 961 nesciuS,
1906 870 2216 944 reditum
2237 870 2609 960 accelerat,
2656 867 2982 966 dolisque

830 1004 1301 1087 praemetuens
1318 1043 1338 1078 ,
1379 1002 1649 1060 vestem
1676 983 1940 1080 mutat,
1983 1014 2278 1089 seseque
2316 1012 2544 1062 unum
2569 985 2671 1058 ‘de
2707 982 2984 1057 clienti-

832 1104 991 1189 bus
1036 1104 1341 1176 simulat.
1376 1107 1643 1200 ‘Equos
1701 1130 1923 1177 onera
1977 1104 2279 1183 ferentes
2341 1105 2491 1203 ipse
2549 1103 2725 1201 regit
2768 1115 2986 1199 atque

838 1221 1164 1318 exagitat.
1188 1223 1447 1292 ¹⁴Onera
1483 1220 1793 1319 imponit
1826 1238 1898 1293 et
1924 1222 2255 1323 deponit„
2299 1216 2747 1293 omnibussse
2774 1220 2988 1291 servi-

837 1353 1080 1409 turum
1146 1339 1673 1410 accommodat.
1737 1344 2102 1437 Tantaque
2167 1339 2516 1412 industria
2571 1340 2646 1410 in
2717 1336 2990 1434 abjecta

834 1468 1031 1527 veste
1060 1468 1130 1525 et
1164 1455 1435 1526 inculto
1456 1454 1711 1527 habitu
1741 1482 1816 1528 se
1845 1457 2106 1529 ducem
2134 1455 2627 1545 dissimulavit,
2655 1469 2737 1524 ut
2763 1470 2836 1524 et
2858 1477 2988 1551 per

838 1571 1255 1643 insidiarum
1304 1572 1464 1645 loca
1490 1575 1841 1647 transiret
1889 1599 2047 1671 quae
2089 1599 2227 1647 nec
2274 1576 2496 1646 vitare
2539 1578 2822 1672 poterat
2841 1625 2861 1660 ,
2919 1586 2990 1642 et

838 1688 1251 1762 insidiantes
1312 1688 1689 1762 efficaciter
1739 1690 2030 1789 falleret.
2087 1696 2249 1763 Uno
2291 1706 2569 1763 tantum
2613 1691 2630 1725 ⁴
2679 1688 2990 1787 hospitio

839 1826 1026 1901 pene
1072 1802 1561 1905 deprehensus
1602 1806 1756 1880 fuit.
1791 1811 1971 1879 Nam
2009 1807 2184 1899 dum
2220 1807 2542 1878 eundum
2581 1820 2766 1884 esset
2797 1804 2994 1876 cubi·

843 1936 1026 2012 tum,
1061 1923 1128 1993 ei
1148 1921 1388 1995 'lectus
1416 1948 1583 1994 cum
1619 1924 1938 2022 diligenti
1983 1939 2328 2023 apparatu
2365 1920 2805 2025 compositus
2839 1936 2987 2011 est3

842 2040 1052 2136 eique
1094 2041 1502 2112 circumfusi
1537 2066 1612 2113 se
1638 2066 1893 2113 omnes
1931 2043 2023 2114 ad
2061 2041 2516 2114 serviendum
2539 2036 2988 2111 obtulerunt.

846 2155 977 2229 Alii
1011 2138 1204 2249 e'nim
1222 2182 1409 2253 genu
1435 2158 1617 2231 flexo
1640 2158 1667 2194 ²
1700 2158 1962 2255 caligas
1983 2158 2474 2249 extrahebant,
2508 2141 2996 2253 estractasque

842 2269 964 2363 alii
999 2264 1480 2373 excipiebant5
1513 2273 1632 2345 alii
1666 2299 1840 2345 vero
1865 2274 2174 2361 nudatos
2197 2272 2434 2372 pedes·
2455 2272 2766 2371 sedentis
2783 2326 2803 2361 ,
2833 2270 2998 2343 sub·

846 2386 1152 2458 sidendo
1200 2380 1690 2470 confricabant
1711 2442 1731 2475 ,
1793 2404 1870 2471 et¹
1915 2392 2080 2487 giris
2132 2393 2438 2462 vestium
2481 2386 2990 2472 emundabant.

846 2508 1011 2575 Haec
1054 2504 1316 2602 hospes
1363 2530 1493 2603 per
1537 2508 1699 2579 ostii
1737 2509 1953 2581 rimas
1991 2506 2526 2607 contempla-tus
2563 2521 2692 2577 est.
2732 2510 3012 2604 Depre--

846 2619 1253 2717 hensusque
1288 2620 1734 2720 explorasse,
1777 2648 1945 2694 mox
1987 2647 2079 2695 ne
2109 2648 2261 2696 rem
2304 2622 2666 2719 detegeret
2705 2636 2999 2693 vocatus

850 2752 1049 2809 estet
1078 2739 1546 2810 intromissus.
1592 2739 2052 2842 Strictisque
2041 2715 2506 2812 mucronibus
2531 2754 2912 2839 postquam
2936 2741 3032 2810 ei'

853 2879 1103 2927 necem
1132 2855 1380 2927 minati
1402 2872 1569 2928 sunt
1595 2859 1651 2927 si
1680 2883 1936 2930 vocem
1972 2859 2359 2948 emitteret,
2403 2856 3000 2956 comprehensum

852 2973 1081 3070 ligatis
1127 2970 1454 3044 manibus
1502 2988 1572 3044 et
1600 2975 1954 3086 pedibus
1937 3001 2008 3046 1n
2039 2959 2481 3073 ergastulum
2519 2973 2994 3044 detruserunt.

855 3092 997 3178 Qui
1023 3116 1203 3163 voce
1229 3116 1645 3192 suppressa,
1689 3093 1788 3164 ibi
1816 3119 2042 3190 usque
2063 3093 2562 3192 crepusculum
2582 3089 2996 3178 convexus³

849 3208 1093 3304 jacuit.
1130 3213 1303 3281 Post
1328 3225 1540 3290 nocte
1568 3206 2084 3304 abscondente,
2111 3213 2185 3283 in
2223 3213 2388 3314 ipso
2407 3209 2825 3310 crepusculo
2849 3235 3003 3280 sur-

859 3343 1219 3398 rexerunt.
1255 3331 1621 3427 Hospitem
1652 3346 2098 3429 assumptum
2125 3346 2196 3402 et
2221 3353 2408 3427 equo
2438 3332 2825 3419 invectum,
2854 3343 3007 3402 tan·

860 3431 987 3514 diu
1009 3460 1553 3541 asportaverunt
1570 3501 1591 3537 ,
1622 3446 1858 3518 donec
1885 3446 2043 3518 loca
2069 3463 2397 3545 suspecta
2418 3446 3000 3517 transmitterent.

860 3559 1137 3664 Quibus
1164 3564 1639 3654 transmissiS„
1670 3563 2079 3662 depositum
2126 3563 2550 3642 dimiserunt
2571 3617 2589 3652 ,
2624 3561 3009 3659 reliquum·
3097 3641 3104 3648 ,

860 3704 1001 3776 que
1046 3673 1313 3751 itineris
1362 3681 1623 3753 celeres
1678 3681 2164 3754 confecerunt.
2225 3687 2368 3757 Nec
2414 3684 2654 3752 minus
2678 3677 3009 3752 Com-‘adi

858 3798 1041 3895 regis
1064 3797 1272 3869 dolos
1298 3824 1465 3898 sepe
1492 3800 1898 3900 simulando
1928 3817 2000 3872 et
2021 3800 2540 3874 dissimulando
2567 3799 2812 3887 evasit,
2843 3817 3011 3867 cum

930 4015 962 4048 *
1000 4035 1120 4081 mu,
1146 4035 1183 4068 u
1200 4017 1408 4069 abscisa.

940 4101 955 4130 ¹
993 4104 1064 4152 sic
1094 4101 1266 4153 codex.

932 4184 956 4214 ²
993 4183 1131 4235 flexu
1157 4203 1281 4236 corr.
1315 4186 1471 4238 flexo.

938 4268 961 4298 ³
998 4287 1305 4336 conquexus
1331 4271 1502 4322 codex.

3385 1469 3394 1534 *-
3379 1041 3390 1075 -,
3380 990 3388 997 ,
3381 905 3392 918 ,
3381 705 3394 858 -,-
3376 425 3392 567 ——n
