3459 5375
873 559 954 615 72
1591 556 1927 619 RICHERI
1971 558 2121 620 LIB.
2171 558 2288 619 111.

877 717 914 755 «
956 711 1152 760 nem.
1193 716 1230 755 >2
1273 688 1379 761 Ad
1411 690 1561 763 haec
1601 690 1989 764 Gerbertus
2028 720 2043 763 ε
2082 722 2119 760 «
2154 691 2331 764 Inde
2374 720 2410 761 »
2452 693 2684 790 inquit
2720 722 2755 760 «
2800 694 3017 768 vehe-

877 838 910 872 u
956 806 1268 877 mentius
1327 808 1735 880 mirandum
1789 810 2073 883 videtur
2098 863 2118 900 ,
2184 808 2383 908 quod
2445 808 3019 881 mathematicam

878 950 914 988 «
953 920 1267 1019 phisicae,
1305 948 1448 996 suae
1505 924 1834 997 videlicet
1877 950 2138 1017 coevae‚
2172 940 2269 996 ‘ut
2320 925 2634 1023 speciem
2681 922 3017 997 subdide-

877 1068 914 1107 ι(
957 1040 1117 1111 rim.
1159 1044 1340 1112 Cum
1370 1043 1562 1114 enim
1595 1066 1832 1115 coevae
1858 1042 1993 1115 sub
2022 1042 2280 1116 eodem
2304 1067 2558 1140 genere
2581 1040 3013 1132 habeantur,

878 1184 914 1223 «
957 1157 1230 1253 majore
1273 1158 1570 1255 inquam
1610 1158 2081 1231 admiratione
2119 1158 2419 1255 dignum
2464 1158 2769 1247 videtur,
2810 1159 2871 1228 si
2919 1157 3019 1229 al·-

879 1300 914 1339 «
955 1274 1087 1343 teri
1127 1272 1344 1344 altera
1389 1273 1757 1346 subdatur.
1812 1274 1953 1346 Sed
1994 1276 2158 1347 dico
2197 1272 2693 1371 phisiologiam
2734 1272 3023 1370 phisicae

879 1418 916 1456 «
955 1414 1178 1486 genus
1205 1414 1355 1461 non
1382 1416 1536 1463 esse
1557 1392 2173 1489 quemadmodum
2199 1392 2575 1489 proponis,
2607 1390 3021 1489 nullamque

877 1536 912 1575 «
953 1532 1200 1578 earum
1234 1507 1704 1580 differentiam
1748 1509 1957 1583 aliam
1991 1534 2256 1598 assero,
2296 1510 2429 1579 nisi
2464 1534 2623 1580 eam
2651 1534 2865 1605 quam
2906 1510 3018 1579 in-

878 1652 914 1692 «
957 1637 1065 1695 ter
1091 1620 1620 1722 philosophiam
1662 1639 1736 1695 et
1771 1625 2233 1723 philologiam
2265 1650 2646 1723 cognosco,
2690 1625 3017 1722 Alioquin

877 1770 912 1809 «
955 1740 1342 1839 philologia
1378 1739 1849 1841 philosophiae
1891 1742 2583 1838 genusconceditur.
2640 1769 2676 1808 »
2718 1740 2825 1812 Ad
2868 1739 3019 1813 haec

873 1856 1412 1933 scolasticorum
1443 1856 1825 1930 multitudo
1860 1858 2329 1955 philosophiae
2358 1858 2779 1929 divisionem
2808 1857 3021 1927 inter-

873 1988 1159 2071 ruptam
1213 1972 1738 2069 indignabatur,
1796 1994 2095 2072 eamque
2144 1976 2368 2072 repeti
2409 1974 2605 2073 apud
2644 1987 3019 2070 augustum

873 2090 1182 2186 petebat.
1225 2091 1508 2162 Otricus
1536 2115 1708 2162 vero
1738 2105 1900 2189 post
1928 2091 2299 2188 paululum
2326 2090 2521 2162 idem
2548 2088 3017 2186 repetendum

849 2205 1181 2315 ‘dicebam
1241 2210 1435 2305 prius
1491 2223 1728 2279 tamen
1784 2207 2027 2279 habita
2070 2209 2344 2279 ratione
2394 2208 2486 2280 de
2542 2230 2755 2278 causa
2802 2207 3021 2303 ipsius

877 2323 1384 2424 philosophiae3
1440 2326 1959 2423 intendensque
2020 2327 2091 2396 in
2142 2324 2602 2415 Gerbertum‚
2646 2350 2802 2421 quae
2839 2338 3023 2396 esset

876 2466 1087 2513 causa
1113 2442 1580 2539 philosophiae
1614 2441 2124 2514 sciscitabatur.

1313 2644 1318 2651 -
1368 2616 1544 2669 LXII.
1567 2646 1642 2659 ·—
1660 2618 1793 2683 Quae
1818 2619 1881 2671 sit
1910 2638 2063 2672 causa
2088 2618 2287 2671 conditi
2314 2618 2520 2671 mundi.

974 2746 1116 2831 Qui
1149 2768 1313 2815 cum
1352 2768 1394 2814 a
1435 2743 1814 2835 GerbertO,
1857 2759 1938 2815 ut
1972 2745 2283 2842 apertius
2316 2745 2491 2842 quid
2528 2745 2739 2816 vellet
2784 2744 3019 2816 edice-

875 2875 1008 2952 ret,
1040 2876 1432 2958 rogaretur,
1463 2876 1705 2932 utrum
1731 2862 2060 2933 videlicet
2094 2887 2381 2934 causam
2405 2887 2548 2960 qua
2570 2864 2857 2937 inventa
2884 2877 3015 2952 est,

875 2985 968 3050 an
1007 3004 1296 3050 causam
1335 2980 1451 3050 cui
1493 2980 1784 3052 inventa
1825 2979 2150 3070 debetur,
2184 2980 2300 3051 ille
2338 3005 2507 3052 mox
2543 3009 2557 3049 :
2614 3009 2651 3047 «
2694 2985 2948 3078 Ipsam,
2979 3009 3015 3046 n

873 3098 1170 3195 inquit«
1210 3121 1496 3168 causam
1526 3097 1714 3187 dice,
1752 3113 2046 3195 propter
2074 3123 2291 3196 quam
2319 3099 2607 3171 inventa
2630 3098 2937 3171 videtur.
2979 3129 3015 3165 »a

874 3214 1074 3284 Tunc
1097 3237 1274 3284 vero
1301 3212 1685 3285 Gerbertus
1722 3242 1738 3283 :
1786 3242 1823 3281 «
1862 3214 2221 3300 Quoniam
2258 3243 2292 3280 »
2334 3215 2563 3312 inquit
2595 3244 2631 3282 «
2672 3211 2867 3284 nunc
2892 3238 3020 3311 pa-

841 3419 850 3424 ·
881 3359 916 3396 κ
954 3344 1055 3401 tet
1083 3328 1261 3427 quid
1293 3355 1682 3428 proponaS‚
1713 3330 1881 3404 ideo
1916 3323 2223 3428 inquam‘
2235 3334 2523 3403 inventa
2551 3346 2679 3423 est,
2720 3346 2800 3402 ut
2829 3355 2913 3402 ex
2938 3355 3023 3402 ea

881 3477 916 3514 «
961 3471 1475 3544 cognoscamus
1493 3448 1733 3519 divina
1753 3463 1824 3520 et.
1838 3447 2181 3518 humana.
2219 3477 2254 3515 »
2275 3445 2707 3520 Et'Otricus:
2746 3477 2783 3516 «
2812 3451 2957 3519 Cur
2980 3475 3017 3514 »

877 3565 1106 3662 inquit
1143 3595 1178 3632 «
1219 3566 1429 3637 unius
1471 3567 1573 3637 rei
1615 3591 1929 3657 causam,
1973 3580 2080 3638 tot
2115 3565 2547 3656 dictionibus
2594 3565 3021 3642 nominasti?

879 3711 914 3749 «
958 3707 1125 3752 cum
1154 3708 1238 3753 ex
1265 3707 1410 3753 una
1445 3682 1755 3754 fortassis
1787 3684 2143 3755 nominari
2170 3683 2427 3781 potuit,
2460 3699 2530 3754 et
2557 3681 3025 3780 philosopho·

880 3829 914 3866 «
958 3824 1119 3870 rum
1155 3800 1243 3870 sit
1268 3799 1594 3873 brevitati
1629 3799 1956 3872 studere?
1996 3829 2030 3866 »
