3459 5375
867 547 990 646 12}
1592 544 1920 609 RICHERI
1966 548 2116 610 Lm.
2167 550 2286 609 111.

864 706 989 753 rex
1026 678 1159 751 sibi
1207 680 1283 751 in
1320 679 1563 752 animo
1618 706 1772 756 esse
1809 681 2081 755 diceret
2131 697 2214 755 ut
2247 682 2602 817 Belgicam
2639 662 3014 785 repeteret,

862 796 1165 895 eamque
1210 795 1629 871 militaribus
1675 800 1901 898 copiis
1947 815 2423 900 expugnaret,
2471 802 2604 901 ipsi
2649 802 2774 907 buj
2782 830 2890 919 us
2915 807 3022 878 rei

860 916 1146 989 initium
1174 915 1518 1005 ,Virduni
1576 916 1982 1034 faciendum
2058 919 2352 1010 dicunt,
2429 944 2518 992 eo
2583 920 2811 1018 quod
2866 924 3020 1021 ipsa

862 1037 1341 1137 propinquior
1390 1020 1635 1111 civitas
1687 1055 1916 1133 esset,
1991 1044 2064 1111 et
2138 1066 2292 1113 sese
2357 1040 2580 1113 multa
2645 1041 3022 1117 obsidione

864 1180 1026 1229 eam
1084 1180 1535 1254 aggressuros
1550 1211 1571 1248 ,
1634 1182 1772 1231 nec
1817 1182 2136 1255 unquam
2185 1157 2278 1230 ab
2323 1183 2408 1231 ea
2459 1159 2597 1232 nisi
2647 1176 2857 1260 capta
2915 1187 3024 1233 re·

865 1298 1227 1364 cessuros3
1270 1298 1413 1371 qua
1448 1289 1657 1374 capta
1677 1329 1698 1366 ,
1744 1290 1815 1347 et
1857 1290 2302 1357 sacramento
2341 1291 2554 1373 atque
2588 1276 2838 1378 obside
2873 1278 3026 1375 regi

870 1414 1149 1463 annexa
1164 1444 1184 1480 ‚
1236 1390 1536 1463 ulterius
1576 1416 2067 1489 processuros.
2122 1390 2397 1463 Tandiu
2442 1392 2657 1463 etiam
2706 1407 3028 1467 moratu-

864 1524 984 1577 ros
1020 1506 1097 1577 in
1128 1506 1405 1603 Belgica
1422 1560 1441 1595 ‚
1494 1505 1730 1579 donec
1767 1522 1892 1578 aut
1926 1508 2140 1579 armis
2175 1518 2658 1605 expugnetur,
2701 1524 2822 1580 aut
2855 1510 3025 1583 victi

863 1622 1089 1721 Belgae
1134 1623 1211 1693 in
1249 1621 1694 1695 deditionem
1735 1645 1989 1695 omnes
2026 1638 2411 1695 transemit.
2455 1626 2788 1711 Quorum
2813 1649 3025 1723 spon-

863 1740 1067 1811 sio‘ne
1114 1753 1485 1853 suscepta,
1539 1764 1663 1812 rex
1698 1764 1869 1811 cum
1912 1741 2084 1839 ipsis
2121 1742 2512 1814 exercitum
2548 1766 2720 1813 mox
2765 1742 3026 1815 Virdu-

867 1852 1047 1935 num
1083 1862 1428 1935 admovit.

1505 2032 1598 2085 CI.
1623 2060 1699 2075 7--
1724 2032 1960 2087 virduni
1985 2033 2306 2105 expugnatio
2327 2033 2378 2085 *.

964 2172 1143 2256 Quae
1190 2168 1434 2239 cix'ritas
1484 2193 1573 2241 eo
1626 2169 1765 2241 situ
1816 2169 2052 2269 posita
2093 2184 2208 2257 ‘est
2233 2222 2252 2259 ,
2308 2184 2390 2240 ut
2447 2193 2490 2240 a
2533 2168 2768 2241 fronte
2791 2224 2810 2259 ‚
2870 2168 3023 2268 pla-

866 2284 1039 2358 nitie
1079 2286 1327 2386 per-via
1376 2285 1780 2358 meantibus
1831 2310 2192 2359 accessum
2240 2286 2593 2386 praebeat3
2639 2312 2698 2358 a
2750 2302 2952 2384 tergo
2995 2288 3012 2323 ¹

868 2400 1371 2473 inaccessibilis
1432 2403 1544 2474 sit.
1616 2401 1722 2473 Ibi
1771 2404 1964 2473 enim
2011 2426 2056 2475 a
2115 2428 2400 2475 summo
2455 2404 2530 2475 in
2578 2405 2976 2501 posteriora
2997 2459 3016 2495 ,

867 2517 1233 2615 profundo
1286 2516 1489 2589 hiatu
1540 2520 2098 2615 circumquaque
2131 2508 2626 2609 distenditur}
2699 2518 2791 2591 ab
2841 2518 3026 2590 infe-

868 2632 1178 2732 rioribus
1219 2659 1392 2707 vero
1442 2634 1536 2736 ad
1586 2658 1954 2707 summum
1979 2689 1996 2724 ,
2063 2633 2362 2734 rupibus
2407 2636 2778 2735 praeruptis
2846 2650 3024 2708 arta-

866 2765 1029 2840 tur;
1085 2776 1244 2849 quae
1307 2775 1459 2823 non
1522 2751 1760 2822 solum
1837 2767 2112 2824 scatens
2168 2751 2484 2824 fontibus
2507 2805 2529 2845 ,
2603 2754 2981 2850 ,puteisque
2999 2807 3018 2844 ,

776 2923 785 2933 .
869 2865 1125 2942 incolis
1176 2867 1649 2940 accommoda
1671 2921 1690 2959 ,
1746 2868 1876 2939 sed
1921 2883 1994 2940 et
2038 2869 2256 2941 fluvio
2293 2873 2490 2941 Mosa
2544 2894 2702 2942 eam
2749 2895 2792 2942 a
2838 2896 3024 2968 prae-

866 2998 1085 3082 rupta
1131 2999 1334 3083 parte
1388 2985 1722 3056 abluente
1747 3037 1766 3074 ,
1821 3009 2227 3058 nemorosa.
2287 2986 2425 3058 Ubi
2483 3011 2654 3084 ergo
2701 3012 2744 3058 a
2791 2986 3024 3060 fronte

864 3099 1241 3199 planitiem
1275 3101 1557 3200 praefert
1599 3102 1985 3199 pugnaturi
2019 3102 2386 3174 machinas
2421 3101 2708 3175 bellicas
2748 3105 3025 3202 generis

872 3215 1136 3289 diversi
1179 3233 1537 3317 aptavere.
1608 3222 1754 3290 Nec
1807 3218 2046 3289 minus
2098 3219 2224 3316 qui
2271 3220 2346 3290 in
2405 3218 2583 3290 urbe
2638 3234 2839 3294 erant
2858 3273 2878 3310 ‚
2935 3218 3026 3290 ad

866 3333 1341 3406 resistendum
1378 3358 1533 3406 sese
1570 3333 2070 3433 expediebant.
2115 3339 2518 3432 Pugnatum
2567 3347 2674 3406 est
2727 3334 3020 3407 tandem

868 3465 1035 3522 octo
1092 3450 1313 3523 ferme
1360 3435 1723 3522 ⁴continuis
1773 3449 2051 3522 diebus.
2114 3455 2202 3522 At
2243 3452 2433 3522 cives
2489 3475 2657 3522 cum
2703 3451 3026 3524 viderent

868 3561 1067 3638 nulla
1134 3592 1177 3638 a
1252 3569 1399 3639 suis
1461 3567 1894 3639 extrinsecus
1961 3557 2289 3663 suffragia
2341 3568 2526 3639 mitti
2548 3620 2567 3657 ,
2653 3591 2790 3640 nec
2841 3569 3025 3665 jugis

869 3684 1091 3783 praelii
1146 3684 1437 3782 pondus
1494 3709 1569 3756 se
1628 3685 1934 3756 tolerare
1984 3708 2196 3782 posse
2239 3685 2264 3720 ²
2289 3740 2308 3775 ,
2349 3685 2648 3757 consilio
2698 3687 2876 3758 inito
2923 3687 3026 3784 in-

869 3800 1218 3900 dempnes
1264 3817 1336 3873 et
1379 3801 1623 3872 intacti
1674 3799 2002 3873 hostibus
2057 3825 2352 3874 cessere.
2419 3801 2689 3874 Urbem
2739 3795 3028 3902 aperue-

867 3933 1037 3990 runt
1059 3972 1077 4008 ,
1120 3932 1192 3989 et
1228 3943 1380 4018 sese
1416 3917 1756 3990 Lothario
1794 3917 1961 3990 victi
1998 3917 2440 3990 obtulerunt.

941 4145 970 4178 ³⁸¹
1006 4147 1079 4210 V,
1109 4165 1137 4198 e
1172 4145 1380 4196 abscisa.

950 4233 965 4264 ¹
1010 4245 1049 4284 t.
1080 4243 1133 4284 et
1154 4231 1314 4284 latere
1344 4242 1567 4299 utroque
1594 4229 1776 4280 deleta.

945 4317 969 4346 ²
1006 4335 1062 4386 p.
1090 4333 1387 4386 paucosque
1412 4314 1735 4373 multitudini
1767 4313 1950 4366 cedere
1979 4313 2160 4365 deleta.
