3459 5375
946 487 1067 545 160
1666 483 1998 549 Rlcflfflu
2043 482 2195 546 LIB.
2244 482 2352 541 lv.

938 640 1087 687 non
1142 629 1333 686 recte
1390 638 1601 715 posse
1650 618 1884 688 'creari
1919 618 1936 651 ⁴
2004 606 2188 688 duos
2223 640 2422 713 reges
2449 616 2526 687 in
2584 615 2842 688 eodem
2885 642 3062 695 anno

938 730 1407 831 responderet
1428 786 1448 821 ‚
1491 731 1608 803 ille
1634 752 1821 804 'mox
1846 729 2224 832 epistolam
2257 758 2301 804 a
2334 731 2518 805 duce
2556 733 2898 805 citerioris
2926 740 3066 810 His-

928 842 1167 946 ‘paniae
1193 845 1508 917 Borrello
1537 848 1825 919 missam
1859 846 2186 947 protulit,
2225 870 2383 945 quae
2406 847 2680 920 ‘ducem
2723 864 3066 947 petentem

942 962 1269 1062 suffragia
1301 979 1551 1051 contra
1592 962 1936 1037 barbaros
1972 962 2354 1035 indicabat.
2391 968 2545 1036 Jam
2588 965 2804 1036 etiam
2841 968 3070 1067 Hispa-

943 1083 1075 1152 niae
1118 1073 1395 1179 partem
1444 1074 1769 1153 hostibus
1823 1106 2009 1189 pene
2057 1096 2532 1180 expugnatam
2579 1080 2970 1170 asserebat,
3009 1102 3072 1157 et

923 1199 1081 1269 'nisi
1115 1200 1299 1269 intra
1327 1223 1609 1269 menses
1655 1197 1906 1271 decem
1947 1198 2188 1297 copias
2223 1223 2265 1269 a
2299 1197 2518 1269 Gallis
2553 1199 2888 1295 accipiat,
2927 1198 3074 1271 bar-

942 1315 1129 1385 baris
1160 1330 1381 1386 totam
1424 1316 1501 1385 in
1536 1314 1980 1386 deditionem
2015 1316 2490 1386 transituram.
2537 1314 2825 1387 Petebat
2851 1316 3074 1412 itaque

940 1430 1242 1503 alterum
1282 1456 1519 1527 regem
1555 1432 1780 1503 creari
1798 1486 1817 1521 ,
1859 1444 1940 1501 ut
1973 1431 2032 1501 si
2083 1430 2340 1502 bellico
2377 1431 2684 1502 tumultu
2713 1430 2739 1467 ²
2779 1430 3076 1503 duorum

944 1549 1122 1621 alter
1173 1548 1574 1640 decideret,
1633 1547 1726 1619 de
1775 1548 2097 1646 principe
2144 1572 2296 1647 non
2331 1547 2686 1620 diffideret
2715 1549 3070 1621 exercitus.

942 1668 1125 1741 Fieri
1184 1690 1475 1765 quoque
1544 1666 1902 1738 asserebat
1946 1691 2158 1763 posse
2181 1721 2199 1756 ‚
2230 1651 2236 1667 ¹
2270 1692 2433 1763 rege
2491 1668 2952 1764 interempt0‚
3015 1683 3078 1737 et

942 1784 1171 1882 patria
1205 1783 1522 1856 desolata
1546 1837 1563 1872 ‚
1598 1784 1989 1882 primatum
2010 1783 2479 1875 discordiam,
2511 1786 2902 1882 pravorum
2925 1807 3079 1857 con·

868 1938 907 1960 ,-
946 1916 1053 1971 tra
1087 1900 1347 2007 b'onosx
1370 1898 1800 1972 tirannidem
1827 1955 1846 1990 ,
1911 1915 1982 1971 et
2034 1900 2204 1972 inde
2253 1901 2468 1975 totius
2517 1902 2743 1999 gentis
2799 1898 3077 1999 captivi-
3144 1924 3147 1926 ·

946 2032 1187 2090 tatem.
1406 2018 1415 2029 ’
1903 2004 1911 2017 “

1424 2127 1587 2179 ΧΙΙΙ.
1615 2156 1690 2169 —-
1711 2128 1984 2183 Promotio
2015 2128 2256 2181 Rotberti
2279 2128 2338 2181 in
2363 2130 2604 2199 regnum.

1044 2253 1633 2354 Metropolitanus
1660 2256 1761 2325 sic
1785 2280 1998 2355 posse
2025 2252 2180 2327 fieri
2206 2254 2628 2352 intelligenS,
2661 2253 2868 2326 dictis
2892 2256 3082 2351 regiis

948 2373 1179 2443 cessim
1236 2376 1339 2443 Et
1390 2372 1557 2469 quia
1617 2386 1788 2442 tunc
1834 2372 1910 2442 in
1965 2372 2328 2462 nativitate
2379 2370 2670 2443 Domini
2710 2395 3084 2467 regnorum

949 2490 1303 2588 principes
1338 2501 1821 2585 convenerant
1856 2487 1947 2558 ad
1984 2484 2494 2561 celebrandum
2541 2488 2746 2585 regiae
2798 2513 3084 2559 corona·

950 2606 1163 2679 tionis
1184 2606 1552 2677 honorem
1571 2659 1590 2696 ,
1658 2606 1730 2676 in
1777 2604 2066 2677 basilica
2102 2621 2358 2693 sanctae
2393 2604 2636 2677 Crucis
2671 2606 2826 2704 ejus
2877 2603 3085 2677 filium

954 2723 1373 2794 Rotbertum
1418 2723 1709 2794 Francis
1759 2721 2216 2795 laudantibus
2273 2739 2563 2825 accepta
2605 2749 2925 2824 purpura
2957 2724 3084 2794 sol-

950 2839 1335 2938 lempniter·
1362 2839 1772 2929 coronavit,
1806 2855 1877 2912 et
1900 2865 1945 2910 a
1979 2844 2178 2912 Mosa·
2211 2842 2430 2913 fluvio
2467 2864 2694 2939 usque
2733 2846 3088 2913 Oceanum

950 2955 1513 3048 occidentalibus
1547 2981 1788 3052 regem
1840 2947 2149 3056 praefecit
2203 2974 2275 3030 et
2320 2959 2719 3048 ordinavit3
2759 2973 2955 3028 tanta
2993 2958 3088 3028 in-

954 3073 1225 3147 dustria
1242 3089 1463 3171 atque
1494 3073 1810 3145 sollertia
1841 3069 2122 3146 clarum
2140 3131 2159 3166 ‚
2201 3091 2282 3147 ut
2319 3091 2392 3148 et
2423 3077 2498 3147 in
2533 3075 2747 3148 rebus
2791 3073 3090 3146 militari-

952 3189 1088 3261 bus
1123 3189 1553 3288 praecelleret
1578 3245 1595 3280 ,
1640 3205 1711 3262 et
1755 3190 2014 3296 divinis
2063 3217 2146 3291 ac
2190 3193 2552 3263 canonicis
2597 3177 2930 3263 institutis
2965 3190 3090 3262 cla-

952 3308 1267 3394 rissimus
1319 3307 1699 3408 haberetur
1721 3337 1750 3408 ς.
1797 3308 2205 3380 liberalibus
2258 3309 2505 3400 studiis
2566 3309 3006 3381 incomberet
3035 3308 3085 3399 ⁸,

955 3427 1479 3529 episcoporum
1497 3427 1709 3510 etiam
1752 3425 2022 3526 sinodis
2056 3429 2460 3517 interesset,
2505 3442 2574 3498 et
2599 3453 2766 3499 cum
2801 3427 2902 3498 eis
2936 3451 3089 3505 cau·

954 3567 1068 3616 sas
1093 3529 1611 3616 aecclesiasticas
1650 3545 2033 3618 discuteret
2067 3571 2150 3617 ac
2185 3543 2707 3618 determinaret.

1274 3708 1426 3760 xlv.
1454 3737 1529 3754 ,-
1550 3709 1872 3795 Conquestio
1895 3711 2083 3764 Kal-oli
2113 3709 2257 3782 apud
2279 3711 2476 3764 amicos
2497 3711 2566 3766 de
2587 3729 2771 3782 regno.

986 3899 999 3910 ,
1056 3837 1329 3905 Interea
1358 3834 1662 3907 Karolus
1696 3835 1890 3934 apud
1928 3837 2193 3908 amicos
2245 3852 2315 3908 et
2349 3839 2689 3935 cognatos
2727 3845 2926 3907 motu
2953 3857 3094 3931 gra·

960 3951 1249 4020 vissimo
1303 3951 1637 4024 movebat
1692 3954 2056 4049 querelam
2080 4009 2098 4044 ,
2150 3961 2362 4052 atque
2412 3956 2488 4026 in
2543 3955 2654 4026 sui
2697 3953 3094 4050 suffragium

1036 4121 1053 4149 ¹
1090 4117 1325 4177 ordinari
1352 4139 1477 4172 corr.
1494 4120 1689 4173 creari.

1032 4191 1057 4290 ’Ξ
1093 4191 1134 4241 si
1163 4190 1217 4241 in
1246 4191 1383 4242 bello
1408 4192 1679 4264 hispanico
1706 4189 1887 4244 deleta.
