3459 5375
791 568 868 628 14
1513 566 1847 629 monem
1890 552 2039 631 Lm.
2088 569 2205 631 ιιι.

783 701 896 771 rit.
944 703 1030 771 At
1063 697 1164 772 illi
1201 698 1546 772 mercedis
1581 725 1851 773 nomen
1886 701 2200 775 edicunt.
2256 698 2382 771 Ille
2416 724 2588 772 vero
2622 724 2711 772 ex
2748 726 2927 801 pro·-

783 818 1012 889 missis
1069 816 1574 916 jusjurandum
1643 818 1959 917 postulat
2024 818 2381 917 capitque.
2457 820 2549 890 Et
2604 830 2926 917 tempore

781 959 1103 1032 congruo
1119 988 1139 1026 ‚
1188 935 1552 1007 tirannum
1595 959 1764 1006 cum
1820 934 2048 1007 multa
2099 934 2407 1007 militum
2459 958 2679 1008 manu
2741 936 2927 1009 intra

781 1050 1132 1151 oppidum
1167 1050 1465 1150 excipit,
1523 1076 1608 1123 ac
1652 1076 1803 1124 sese
1856 1053 1923 1124 ei
1972 1053 2458 1146 committenS,
2519 1050 2738 1125 fidem
2787 1076 2926 1152 pro

779 1166 1030 1241 militia
1089 1166 1611 1242 accommodat.
1695 1172 2002 1241 Pei-vaso
2068 1183 2307 1242 autem
2368 1168 2641 1270 oppido
2668 1222 2690 1260 ‚
2754 1170 2926 1266 regii

779 1286 1037 1359 milites
1083 1283 1600 1358 contumeliose
1646 1284 2034 1385 pelluntur.
2100 1289 2552 1384 Deputantur
2597 1309 2769 1360 vero
2822 1285 2925 1359 ihi

781 1403 1037 1475 milites
1073 1402 1363 1474 tiranni.

845 1541 850 1548 ·
1794 1522 1927 1576 xn.

873 1631 1150 1703 Perlata
1215 1644 1384 1701 sunt
1446 1629 1598 1701 haec
1664 1628 1761 1701 ad
1821 1655 2086 1727 regem.
2170 1633 2315 1709 Rex
2373 1654 2547 1703 vero
2605 1632 2923 1707 Brunoni

769 1746 1128 1821 avunculo
1161 1746 1432 1843 legatos
1457 1744 1697 1843 dirigit
1714 1800 1737 1837 ‚
1788 1748 2034 1848 copias
2069 1746 2162 1819 ab
2197 1773 2285 1820 eo
2322 1745 2714 1847 postulans.
2776 1752 2921 1821 Nec

771 1884 1095 1944 moratur
1128 1873 1371 1940 Bruno
1387 1923 1409 1960 ‚
1459 1883 1530 1941 et
1543 1923 1563 1959 ,
1617 1893 1787 1941 cum
1828 1868 2113 1943 duobus
2156 1868 2442 1942 milibus
2481 1884 2918 1943 armatorum

768 2014 858 2063 ex
906 1986 1182 2085 Belgica
1205 2038 1228 2077 ,
1289 1986 1549 2058 terram
1601 1987 1866 2059 tiranni
1918 2002 2223 2086 occupat
2238 2040 2261 2078 ,
2324 1984 2720 2085 urbemque
2756 1992 2916 2059 Tre-

767 2103 1084 2175 casinam
1126 2099 1502 2174 obsidione
1537 2100 1957 2175 circumdat.
2014 2086 2160 2176 Rex
2206 2128 2378 2175 vero
2432 2126 2601 2173 cum
2645 2116 2872 2175 matre
2889 2158 2907 2193 ‚

766 2234 1015 2319 erepto
1068 2232 1300 2291 castro
1353 2219 1745 2291 exercitum
1807 2218 2105 2291 inducit.
2176 2222 2360 2292 Cum
2413 2243 2586 2317 ergo
2646 2217 2913 2318 duplici

763 2330 1074 2404 exercitu
1119 2330 1442 2402 tirannus
1485 2345 1889 2427 urgeretur,
1944 2328 2134 2401 cedit
2152 2384 2171 2421 ‚
2222 2346 2294 2403 et
2335 2326 2429 2402 ab
2468 2354 2633 2427 rege
2675 2330 2914 2402 indul-

763 2448 1073 2545 gentiam
1107 2448 1307 2546 petit.
1366 2448 1813 2543 Coactusque
1848 2445 2133 2518 obsides
2152 2461 2244 2550 ⁸et
2276 2462 2717 2520 sacramenta
2748 2445 2904 2539 dat3

760 2580 834 2637 et
875 2564 1167 2662 insuper
1209 2561 1457 2662 oppidi
1492 2561 1941 2662 proditorem
1983 2564 2214 2636 victus
2252 2562 2491 2637 tradit.
2550 2565 2694 2651 Qui
2738 2587 2907 2637 mox

757 2680 1036 2782 prolata
1069 2678 1162 2752 ab
1197 2704 1364 2779 rege
1395 2681 1778 2774 sententia,
1819 2696 1984 2754 ante
2020 2678 2272 2781 oppidi
2304 2695 2622 2780 portam,
2662 2705 2904 2756 coram

753 2813 956 2897 patre
991 2796 1410 2872 decollatur.
1641 2819 1650 2830 ·

1744 2933 1905 2986 xm.

849 3052 996 3121 Rex
1039 3073 1214 3120 vero
1271 3048 1542 3148 oppido
1601 3048 1869 3146 potitus
1890 3102 1911 3141 ,
1966 3073 2136 3121 cum
2187 3065 2413 3123 matre
2471 3047 2895 3122 Laudunum

747 3162 957 3237 redit.
1009 3169 1168 3238 Huc
1211 3190 1302 3238 ex
1348 3163 1642 3238 diversis
1682 3165 2093 3264 regionibus
2129 3165 2225 3238 ad
2267 3192 2504 3264 regem
2538 3165 2895 3266 principes

743 3282 1146 3355 confluunt.
1215 3281 1494 3354 Adsunt
1546 3306 1836 3379 quoque
1884 3281 2086 3354 ducis
2138 3280 2455 3355 defuncti
2506 3281 2630 3354 filii
2691 3280 2840 3354 duo
2865 3334 2886 3373 ,

743 3400 950 3494 Hugo
997 3412 1072 3470 et
1118 3400 1289 3471 otto
1309 3451 1332 3489 ,
1402 3398 1529 3496 qui
1579 3399 1794 3470 etiam
1846 3399 1995 3497 regi
2040 3397 2327 3471 fidelem
2380 3399 2703 3471 militiam
2762 3423 2891 3497 per

730 3513 1232 3611 jusjurandum
1283 3539 1531 3588 coram
1582 3513 1921 3588 omnihus
1958 3514 2343 3615 spondent.
2399 3518 2729 3603 Quorum
2762 3511 2886 3584 be·

733 3629 1059 3726 nignitati
1085 3656 1209 3705 rex
1244 3656 1397 3706 non
1432 3632 1782 3731 imparem
1807 3631 2299 3709 liberalitatem
2332 3630 2829 3704 demonstrans
2853 3681 2873 3716 ,

733 3749 1110 3843 Hugonem
1155 3772 1292 3846 pro
1340 3762 1542 3846 patre
1587 3746 1850 3820 ducem
1903 3748 2106 3840 facit,
2166 3763 2237 3823 et
2281 3749 2573 3847 insuper
2614 3759 2875 3817 terrm

733 3863 1181 3936 Pictavorum
1249 3865 1400 3961 ejus
1458 3866 1889 3966 principatui
1952 3865 2238 3964 adjicit3
2311 3869 2652 3937 Ottonem
2699 3885 2871 3934 vero

732 3979 1142 4078 Burgundia
1177 3981 1426 4054 donat.
