3459 5375
897 455 1016 517 184
1615 450 1945 512 RICHERI
1986 451 2135 512 LIB.
2180 451 2290 512 IV.

891 587 1074 657 inter
1105 579 1642 672 celebrandum,
1690 580 2135 654 eukaristiam
2173 580 2429 680 optulit
2444 633 2463 671 ,
2515 597 2587 653 et
2620 581 2737 654 ille
2762 607 3013 658 conse-

893 716 1191 798 quenter
1230 699 1526 797 sumpsit
1542 753 1562 790 ,
1593 713 1805 796 atque
1832 697 1925 770 ad
1942 697 2279 794 juditium
2322 698 2455 772 sibi
2500 697 2655 770 fieri
2698 702 2964 798 optavit
2980 755 3003 792 ‚

891 821 950 890 si
974 817 1122 889 ullo
1147 815 1368 888 modo
1401 813 1568 887 fidei
1599 814 1899 887 violator
1924 815 2267 888 existeret.
2311 815 2524 904 Quod
2550 816 2841 890 tandem
2867 820 3013 914 regi

891 950 963 1020 et
993 933 1406 1032 primatibus
1440 931 1656 1004 fidem
1693 933 1877 1004 fecit.

1434 1149 1638 1202 XXXI.
1662 1178 1735 1190 --
1760 1149 2109 1220 Reprehensio
2126 1148 2157 1184 ³¹
2184 1149 2252 1202 de
2280 1149 2485 1203 eodem.

991 1313 1358 1386 Nonnullis
1417 1329 1656 1388 tamen
1719 1340 2027 1413 quorum
2104 1340 2305 1387 mens
2367 1317 2726 1415 purgatior
2806 1331 2961 1388 erat
2988 1373 3011 1408 ,

895 1429 1241 1504 nefarium
1275 1446 1345 1503 et
1375 1447 1626 1504 contra
1661 1430 1827 1505 fidei
1852 1433 1967 1530 jus
1998 1430 2075 1504 id
2108 1431 2455 1505 creditum
2482 1448 2608 1504 est.
2650 1432 3019 1528 Ejusmodi

898 1544 1088 1616 enim
1123 1559 1388 1618 naturae
1420 1545 1790 1618 hominem
1818 1569 1967 1620 esse
2006 1545 2287 1619 aiebant
2303 1600 2322 1638 ,
2356 1562 2435 1619 ut
2472 1545 2671 1618 facile
2703 1571 2830 1645 per
2862 1573 3015 1620 sese

895 1676 1391 1760 corrumpatur
1446 1661 1521 1736 in
1583 1687 1660 1732 se
1685 1715 1706 1754 ,
1760 1662 2061 1762 amplius
2109 1689 2285 1734 vero
2338 1661 2851 1762 inpulsionibus
2924 1663 3018 1734 ad

897 1775 1236 1874 flagitium
1283 1777 1710 1850 extrinsecus
1745 1804 1952 1878 posse
1999 1779 2333 1878 pertrahi.
2390 1778 2809 1851 Asserebant
2836 1803 3017 1876 quo-

757 1951 766 1972 .
897 1918 1039 1992 que
1080 1918 1167 1965 ex
1205 1892 1502 1966 decretis
1534 1909 1817 1994 patrum
1861 1911 1931 1967 et
1968 1897 1984 1932 ⁴
2036 1919 2395 1968 canonum
2432 1897 2741 1994 scriptiS,
2783 1920 3017 1993 neque

895 2003 1197 2076 invitum
1237 2004 1330 2076 ad
1371 2006 1811 2077 eucaristiam
1851 2004 2362 2103 impellendum
2388 2059 2408 2096 ,
2454 2030 2687 2103 neque
2721 2005 3020 2078 eucaris-

898 2119 1068 2214 tiam
1100 2118 1516 2217 perditionis
1549 2145 1758 2192 causa
1803 2121 2133 2218 cuiquam
2168 2120 2604 2192 offerendam
2623 2174 2643 2211 ,
2696 2145 2865 2193 cum
2912 2147 3019 2192 re-

902 2232 1329 2334 demptionis
1363 2239 1580 2335 gratia
1612 2253 1681 2309 et
1713 2237 2115 2336 petentibus
2163 2237 2599 2311 offerendam
2612 2292 2631 2330 ,
2673 2253 2745 2310 et
2789 2239 3026 2310 invitis

903 2351 1302 2450 negandam
1365 2352 1803 2426 credendum
1860 2355 1983 2446 sit;
2040 2353 2412 2452 indignum
2478 2354 2687 2426 etiam
2748 2352 2971 2426 videri
2993 2408 3013 2445 ,

903 2492 1164 2568 panem
1197 2470 1613 2568 angelorum
1648 2486 1717 2544 et
1752 2471 2151 2562 hominum,
2189 2486 2453 2544 temere
2488 2471 2791 2568 indiguis
2826 2470 2977 2544 dari
2994 2525 3014 2562 ,

905 2582 1072 2656 cum
1117 2587 1268 2684 ipsa
1315 2587 1656 2660 Divinitas
1709 2601 1781 2658 et
1810 2587 2197 2659 inmundos
2238 2587 2614 2659 abhorreat
2632 2640 2651 2678 ,
2696 2601 2769 2659 et
2803 2612 3026 2687 puros

907 2704 1090 2775 mira
1154 2705 1488 2802 parcitate
1556 2705 1789 2781 foveat
1813 2760 1836 2797 ,
1901 2705 2102 2803 juxta
2174 2705 2373 2803 quod
2444 2706 2785 2804 scriptum
2865 2720 2968 2777 est
2996 2736 3020 2778 ε

913 2847 951 2889 κ
993 2819 1288 2918 Spiritus
1321 2836 1598 2895 sanctus
1629 2821 2009 2922 disciplinae
2034 2820 2313 2921 effugiet
2338 2821 2582 2894 fictum
2596 2876 2616 2913 ,
2658 2836 2727 2893 et
2762 2820 3025 2894 auferet

913 2963 950 3003 α
991 2959 1068 3007 se
1102 2960 1147 3006 a
1190 2936 1722 3035 cogitationibus
1756 2964 1913 3037 quae
1952 2954 2115 3011 sunt
2157 2940 2307 3011 sine
2340 2938 2720 3030 intellectu,
2764 2954 2835 3011 et
2866 2964 3047 3029 eor-4

913 3080 952 3119 «
993 3052 1287 3151 ripietur
1339 3078 1382 3159 a
1425 3055 1960 3153 superveniente
2008 3055 2394 3153 iniquitate.
2434 3082 2470 3122 »
2520 3053 2627 3125 Ab
2678 3054 3031 3153 episcopis

913 3192 1078 3265 ergo
1114 3172 1496 3242 Remorum
1542 3171 1905 3245 dioceseos
1938 3172 2301 3247 ordinatus
2342 3170 2668 3243 Arnulfus
2701 3186 2772 3243 et
2804 3195 3031 3242 sacer·

911 3281 1264 3381 dotalibus
1311 3284 1550 3357 infulis
1614 3286 1948 3360 decenter
1994 3288 2361 3385 insignitus
2414 3301 2540 3358 est.
2602 3288 2745 3357 Nec
2800 3284 3025 3356 multo

911 3416 1098 3517 post,
1140 3426 1185 3472 a
1211 3426 1402 3501 papa
1446 3406 1775 3491 Romano
1808 3406 2100 3493 missum
2148 3402 2548 3503 apostolicae
2598 3401 3029 3497 auctoritatis

909 3516 1203 3637 pallium
1237 3522 1566 3619 sumpsit.⁸

983 3788 1012 3823 *
1045 3788 1090 3839 R
1115 3788 1287 3839 abscis.

986 3878 1018 3939 ⁵,
1041 3888 1100 3951 et.
1115 3888 1166 3929 et
1187 3875 1360 3949 codex.
