3459 5375
993 607 1105 665 180
1686 595 2009 656 RICHERl
2058 597 2207 658 LlB.
2256 595 2359 656 IV.

985 769 1018 806 «
1062 736 1379 809 suadent.
1419 731 1877 804 Conferamus
1912 732 2263 828 utrimque
2307 732 2632 802 rationes.
2674 732 2875 804 Dicat
2918 733 3089 830 quid

985 883 1018 920 κ
1061 853 1358 952 quisque
1382 850 1617 949 potius
1641 849 1937 943 cogitet3
1969 846 2140 943 quid
2165 846 2607 945 potissimum
2629 899 2649 938 ,
2680 872 2772 919 ne
2798 847 3091 920 abscon-

983 1001 1020 1039 «
1061 971 1218 1059 dat3
1250 983 1328 1039 ut
1354 981 1423 1038 et
1449 989 1533 1038 ex
1557 965 1859 1036 honesto
1896 964 2112 1061 gloria
2138 965 2225 1035 sit
2248 964 2646 1036 communis
2663 1017 2682 1054 ,
2724 980 2793 1038 et
2819 991 2902 1038 ex
2928 991 3090 1063 per·

980 1117 1014 1154 «
1054 1087 1222 1157 nitie
1248 1080 1779 1155 incommodum
1816 1105 2013 1177 aeque
2037 1081 2406 1178 patiamur.
2444 1107 2480 1145 η

1543 1277 1698 1330 XXV
1701 1278 1807 1330 111.
1830 1305 1903 1318 -
1932 1275 2199 1329 Promotio
2230 1277 2433 1328 Arnulfi
2455 1277 2506 1328 *ἃ

1059 1419 1201 1487 Rex
1229 1415 1490 1485 civium
1532 1435 1654 1483 sen
1663 1412 1949 1482 tentiam
1998 1409 2345 1508 approbat
2361 1463 2381 1500 ‚
2422 1426 2501 1482 ut
2540 1437 2780 1485 coram
2814 1413 3080 1488 delibe-

961 1545 1122 1602 rent
1146 1528 1370 1626 jubet.
1422 1529 1751 1599 Rationes
1792 1550 2033 1597 coram
2082 1523 2433 1624 dispositae
2468 1544 2652 1600 sunt.
2714 1531 3079 1602 Arnulfum

961 1649 1194 1742 itaque
1237 1647 1292 1716 si
1329 1643 1524 1742 quod
1561 1641 1867 1739 spondet
1902 1640 2103 1712 faciat
2122 1695 2141 1732 ,
2174 1641 2467 1739 dignum
2516 1669 2797 1716 summo
2851 1671 3076 1719 sacer-

957 1763 1155 1835 dotio
1193 1774 1533 1832 asserunt.
1577 1763 1819 1855 Itaque
1852 1773 2141 1831 vocatus
2165 1811 2184 1848 ,
2231 1773 2301 1830 et
2336 1773 2499 1830 ante
2534 1784 2770 1856 regem
2818 1761 3076 1834 admis-

956 1905 1076 1950 sus
1109 1893 1236 1950 est.
1279 1877 1419 1964 Qui
1454 1874 1544 1946 de
1582 1874 1723 1945 fide
1772 1872 2103 1945 habenda
2156 1899 2317 1970 erga
2367 1899 2604 1972 regem
2648 1877 3031 1949 sciscitatus
3048 1931 3067 1966 ,

955 1994 1049 2066 ad
1096 1993 1419 2065 omnium
1451 2006 1616 2063 vota
1663 1988 2175 2062 modestissime
2223 1989 2608 2087 respondit.
2673 1990 2779 2062 Ad
2831 2016 3070 2064 coeno-

953 2109 1152 2180 bium
1177 2132 1344 2204 ergo
1387 2107 1899 2178 monachorum
1928 2106 2153 2177 sancti
2181 2085 2495 2202 Remigii,
2529 2106 2727 2203 quod
2762 2106 2854 2192 ab
2896 2107 3070 2180 urbe

891 2243 896 2248 ’
950 2249 1098 2296 uno
1125 2223 1422 2295 miliarIO
1454 2223 1664 2294 situm
1703 2237 1843 2308 est,
1873 2221 1998 2292 ubi
2042 2219 2392 2293 ordinatio
2442 2223 2939 2320 episcoporum
2986 2249 3068 2295 ex

953 2341 1243 2436 antiquo
1281 2336 1612 2408 habenda
1659 2352 1763 2408 est
1781 2391 1800 2426 ‚
1855 2362 1898 2409 a
1940 2361 2102 2433 rege
2154 2351 2227 2408 et
2266 2336 2679 2435 primatibus
2725 2337 3070 2410 deductus

953 2471 1080 2527 est.
1126 2454 1263 2526 Ubi
1287 2478 1411 2524 rex
1435 2478 1601 2525 cum
1638 2478 1930 2524 suorum
1956 2452 2233 2524 medius
2258 2452 2593 2525 resideret
2610 2506 2631 2543 ‚
2664 2469 2824 2552 post
2846 2458 3073 2527 consi-

951 2571 1046 2644 lia
1079 2569 1270 2669 apud
1297 2593 1463 2641 suos
1488 2569 1813 2640 secessim
1846 2567 2086 2640 habita
2104 2622 2123 2659 ,
2165 2567 2434 2642 liberali
2471 2569 2755 2666 eloquio
2780 2571 2880 2642 sic
2904 2571 3071 2642 affa-

953 2704 1064 2760 tus
1091 2703 1197 2779 est
1226 2715 1240 2757 ι
1281 2717 1314 2754 κ
1343 2688 1535 2757 Divae
1561 2685 1917 2756 memoriae
1948 2685 1965 2721 ⁰
2004 2683 2361 2756 Ludovico
2400 2685 2707 2757 Lotharii
2732 2685 2877 2758 filio
2913 2687 3071 2759 orbi

957 2832 992 2869 α
1037 2800 1390 2873 subtracto
1414 2854 1434 2889 ,
1461 2802 1518 2872 si
1543 2798 1780 2900 proles
1806 2800 2257 2899 superfuisset
2274 2854 2293 2891 ,
2326 2824 2485 2872 eam
2509 2800 2642 2872 sibi
2666 2804 3073 2874 successisse

955 2948 990 2984 .‹
1034 2917 1328 3015 dignum
1339 2917 1554 2988 foret.
1588 2917 1771 3004 Quia
1808 2940 1978 2987 vero
2013 2917 2217 3013 regiae
2254 2918 2687 3013 generationi
2726 2919 3071 2989 successio

957 3064 992 3102 «
1031 3034 1226 3107 nulla
1267 3050 1370 3106 est
1386 3088 1406 3123 ,
1451 3033 1666 3130 idque
1712 3032 2043 3105 omnibus
2068 3034 2165 3105 ita
2204 3033 2354 3105 fore
2378 3048 2571 3132 patet
2588 3087 2607 3124 ,
2638 3035 2848 3105 vestri
2873 3048 3073 3105 coete·

957 3180 993 3219 κ
1034 3176 1417 3247 rorumque
1466 3150 1866 3247 principum
1888 3203 1907 3240 ,
1942 3166 2191 3221 eorum
2240 3150 2452 3221 etiam
2497 3152 2620 3247 qui
2668 3150 2741 3223 in
2790 3150 3071 3221 militari

955 3296 992 3335 «
1033 3265 1283 3337 ordine
1307 3267 1616 3364 potiores
1643 3279 1842 3337 erant
1870 3265 2159 3362 optione
2195 3279 2624 3361 assumptuS,
2654 3268 3062 3363 praemineo.

956 3412 992 3450 «
1035 3384 1235 3453 Nunc
1269 3405 1438 3452 vero
1478 3380 1816 3477 quoniam
1863 3406 1947 3451 ex
1995 3379 2183 3451 linea
2206 3380 2419 3477 regali
2456 3379 2572 3452 hic
2614 3380 2809 3452 unde
2838 3406 3071 3452 sermo

955 3526 988 3562 «
1031 3510 1134 3567 est
1159 3496 1348 3567 solus
1372 3496 1742 3594 superfuit,
1787 3521 1879 3567 ne
1912 3496 2086 3567 tanti
2110 3496 2325 3595 patris
2351 3521 2613 3569 nomen
2642 3496 2876 3568 adhuc
2900 3496 3072 3569 obli-

953 3640 988 3679 α
1030 3614 1238 3685 vione
1289 3612 1618 3703 fuscetur,
1667 3612 1859 3683 hunc
1898 3612 2337 3709 superstitem
2382 3612 2671 3708 alicujus
2722 3612 3073 3709 dignitatis

949 3757 986 3796 u
1031 3728 1304 3800 honore
1342 3729 1843 3829 expoposcistis
1882 3727 2154 3798 donari.
2199 3730 2271 3799 Si
2310 3753 2477 3825 ergo
2515 3727 2681 3800 fidei
2716 3728 3072 3799 servandae

952 3868 990 3909 c<
1021 3842 1138 3937 jus
1181 3840 1615 3941 polliceatur,
1661 3841 1855 3914 urbis
1900 3842 2269 3914 tuitionem
2312 3840 2661 3941 spondeat
2677 3897 2696 3933 ,
2750 3840 3070 3914 hostibus

950 3988 984 4025 e<
1029 3958 1241 4029 etiam
1291 3958 1365 4028 in
1409 3959 1604 4029 nullo
1650 3984 1801 4031 sese
1850 3959 2538 4031 communicaturum
2561 4012 2580 4049 ,
2638 3960 2857 4030 immo
2910 3958 3065 4029 illos

948 4102 982 4134 α
1027 4075 1508 4172 impetiturum
1549 4078 1911 4174 promittat
1927 4130 1946 4167 ,
1981 4077 2187 4148 vestri
2219 4074 2449 4170 juditii
2490 4098 2785 4149 censura
2810 4099 3063 4147 conce-

1011 4266 1040 4297 *
1081 4268 1153 4316 Ar
1176 4264 1427 4317 abscisum.

1010 4349 1233 4401 ¹D.M.
