3459 5375
1851 232 1966 307 ς.

892 580 1009 640 130
1614 570 1947 634 RICHERI
1991 574 2141 637 LIB.
2190 576 2282 636 ΙΙΙ
2297 621 2310 633 .

888 712 1219 783 frustrato
1260 706 1708 783 decidebant.
1759 712 1912 780 Hoc
1946 710 2216 808 impetu
2235 711 2429 783 facto
2451 766 2468 801 ‚
2517 712 2702 785 Galli
2741 714 3040 787 circum-

888 851 1173 927 quaque
1216 824 1671 907 obsidionem
1714 824 2169 925 disposuere3
2227 827 2572 926 fossisque
2623 832 2994 931 praemptis
3009 888 3027 922 ‚

886 945 1450 1017 obfirmaverunt
1500 955 1729 1013 castra
1752 995 1771 1032 ,
1841 967 1934 1015 ne
1983 944 2042 1014 si
2095 942 2198 1015 'ad
2249 945 2574 1020 incautos
2649 936 3042 1021 adversarii

822 1138 827 1143 ,
885 1062 1292 1164 prosilirent
1316 1114 1336 1150 ‚
1378 1082 1745 1133 accessum
1780 1059 2056 1132 facilem
2092 1062 2516 1133 invenirent.

1217 1269 1431 1321 CV.—
1358 1268 1784 1339 —Compositio
1801 1268 1832 1303 ¹¹
1857 1266 2132 1341 cujusdam
2155 1266 2411 1368 machinae
2428 1268 2459 1303 ¹*
2482 1228 2700 1323 bellice..

978 1410 1337 1524 Quercus
1347 1458 1679 1537 proceras
1726 1432 2064 1505 radicitus
2114 1433 2419 1505 succisas
2482 1431 2574 1504 ad
2621 1432 3026 1507 machinam

878 1547 1208 1627 bellicam
1243 1549 1712 1623 extruendam
1756 1548 2217 1623 advexerunt.
2275 1552 2380 1620 Ex
2414 1548 2676 1647 quibus
2720 1530 3028 1647 quatuor

880 1670 1113 1742 trabes
1183 1668 1619 1740 tricenorum
1696 1666 1972 1767 pedum
2039 1682 2441 1739 straverunt
2499 1665 2702 1757 solo,
2787 1668 2878 1740 ita
2946 1684 3026 1740 ut

879 1785 1039 1861 duae
1088 1787 1163 1859 in
1201 1784 1501 1884 longum
1524 1784 1895 1883 projectae,
1937 1798 2010 1859 et
2054 1783 2304 1877 decem
2337 1784 2610 1884 pedum
2649 1784 3023 1865 intervallo

878 1902 1227 1975 distinctae
1242 1956 1264 1995 ,
1304 1900 1587 1975 duabus
1618 1901 1774 1975 aliis
1807 1927 1938 2003 per
1981 1916 2464 1976 transversum
2507 1903 2770 1975 eodem
2813 1904 3025 1975 inter-

875 2020 1063 2095 vallo
1100 2018 1711 2117 superjacentibus
1747 2020 2195 2093 cohererent.
2260 2018 2756 2118 Longitudinis
2799 2034 2870 2091 et
2927 2020 3025 2093 la-

874 2138 1198 2211 titudinis
1260 2139 1574 2237 spatium
1593 2192 1613 2229 ‚
1696 2138 1894 2236 quod
1955 2138 2142 2209 intra
2205 2138 2708 2209 commissuras
2773 2162 3020 2210 earum

876 2255 1285 2347 tenebatur,
1326 2255 1581 2329 decem
1615 2256 2090 2356 pedum‘erat.
2123 2254 2487 2355 Quicquid
2511 2256 2726 2328 etiam
2744 2280 2802 2333 ,a
2827 2280 3025 2327 com-

876 2374 1193 2445 missuris
1220 2387 1439 2445 'extra
1492 2372 1910 2471 projectum.
1951 2386 2143 2463 erat,
2209 2356 2422 2445 simili
2481 2372 2706 2444 modo
2767 2372 3022 2446 decem

874 2484 1179 2587 pedibus
1213 2488 1773 2562 distendebatur.
1826 2492 1907 2559 ln
1945 2488 2205 2561 harum
2259 2487 2568 2565 trabium
2609 2489 3033 2561 commissu-

874 2604 997 2695 τίς,
1026 2619 1335 2702 quatuor
1360 2603 1667 2676 sublicas
1694 2602 2320 2703 quadragenorum
2348 2604 2644 2705 pedum,
2677 2604 3024 2702 quadrato

876 2722 1169 2820 quidem
1196 2738 1504 2795 scemate
1522 2777 1543 2812 ,
1577 2721 1705 2794 sed
1733 2746 2036 2821 procero
2058 2776 2078 2813 ‚
2109 2747 2316 2820 aequo
2342 2723 2573 2823 spatio
2602 2747 2645 2793 a
2669 2747 2744 2794 se
2770 2721 3029 2794 distan-

876 2853 983 2910 tes
1003 2892 1023 2929 ‚
1092 2837 1425 2911 adhibitis
1477 2837 1763 2911 trocleis
1816 2855 2218 2912 erexerunt.
2271 2843 3027 2938 Transposueruntque

876 2955 989 3028 bis
1032 2981 1171 3056 per
1234 2971 1544 3055 quatuor
1592 2955 1852 3047 latera3
1920 2949 2222 3031 festucas
2281 2957 2535 3030 decem
2584 2958 2854 3057 pedum
2879 3013 2897 3048 ‚
2952 2961 3024 3030 in

880 3066 1123 3140 medio
1168 3067 1433 3140 scilicet
1490 3082 1560 3139 et
1608 3063 1684 3139 in
1722 3091 2008 3140 summo
2023 3123 2043 3159 ,
2087 3093 2255 3166 quae
2300 3069 2642 3141 traductae
2658 3123 2678 3160 ‚
2723 3067 3026 3141 sublicas

879 3183 1012 3256 sibi
1061 3184 1336 3258 fortiter
1397 3199 1883 3258 annecterent.
1956 3190 2010 3257 A
2065 3185 2416 3284 capitibus
2465 3210 2635 3258 vero
2688 3185 3021 3277 trabium,

881 3301 1143 3400 quibus
1178 3299 1464 3374 sublicae
1499 3302 1944 3394 nitebantur,
1986 3317 2298 3402 quatuor
2331 3303 2566 3376 trabes
2597 3303 2868 3376 eductae
2891 3360 2911 3396 ‚
2960 3321 3026 3377 et

879 3408 1069 3516 pene
1103 3441 1331 3516 usque
1367 3417 1461 3490 ad
1498 3417 1805 3491 festucas
1839 3419 2244 3520 superiores
2279 3413 2657 3520 obliquatae
2680 3475 2700 3508 ‚
2746 3419 3028 3492 sublicis

874 3533 1356 3633 jungebantur
1377 3589 1397 3624 ‚
1427 3555 1509 3608 ut
1534 3537 1634 3609 sic
1660 3564 1748 3609 ex
1776 3539 1876 3609 eis
1903 3537 2234 3610 machina
2261 3538 2692 3610 extrinsecus
2722 3537 3021 3629 firmata,

882 3674 1032 3724 non
1076 3648 1437 3728 titubaret.
1487 3656 1720 3755 Super
1768 3654 2070 3728 festucas
2115 3679 2407 3753 quoque
2449 3680 2608 3753 quae
2663 3656 2737 3725 in
2789 3653 3026 3727 medio

882 3781 955 3837 et
989 3766 1061 3838 in
1088 3792 1373 3841 summo
1403 3769 1810 3842 machinam
1836 3768 2308 3842 conectebant
2329 3771 2574 3868 ,tigna
2600 3785 3022 3842 straverunt.

885 3883 1060 3968 Quae
1083 3883 1299 3958 etiam
1327 3883 1636 3957 cratibus
1662 3900 2160 3976 contexerunt,
2192 3911 2405 3985 super
2431 3909 2609 3984 quas
2633 3885 3028 3961 dimicaturi

884 4013 1149 4072 stantes
1184 4017 1254 4074 et
1292 4003 1797 4078 eminentiores
1833 4003 2042 4096 facti,
2089 4004 2528 4077 adversarios
2561 4003 2952 4076 deorsum
2925 4029 3032 4099 Ja-

884 4115 1062 4189 culis
1113 4133 1186 4190 et
1228 4118 1583 4219 lapidibus
1628 4121 2037 4194 obruerent.
2093 4127 2292 4194 Hanc
2336 4119 2600 4193 molem
2643 4135 3030 4191 extructam

958 4339 987 4370 ³⁵
1024 4337 1185 4400 Com,
1220 4355 1274 4389 m
1297 4338 1505 4390 abscisa.
1763 4385 1770 4398 ,
2885 4299 2944 4368 ρ
