3459 5375
934 600 1053 659 132
1636 552 1978 653 mensal.
2018 592 2167 651 ΜΒ.
2218 593 2335 653 111.

930 728 1022 803 ad
1072 729 1449 801 stationem
1484 726 1800 815 hostium
1844 723 2200 797 deducere
2241 722 2673 822 cogitabant.
2721 725 2862 797 Sed
2901 730 3070 826 quia

928 828 1319 944 sagittarios
1360 858 1725 941 suspectos
1779 842 2143 915 habebant
2158 896 2177 933 ,
2227 844 2580 914 rationem
2627 842 3026 939 querebant
3043 900 3062 935 ,

928 990 1069 1062 qua
1136 961 1463 1035 hostibus
1532 962 1685 1033 sine
1744 984 2044 1033 suorum
2104 958 2374 1032 lesione
2429 959 3058 1058 appropinquaret.

926 1080 1244 1153 Tandem
1278 1079 1553 1151 ratione
1596 1076 1920 1150 subtilius
1964 1070 2449 1177 perscrutante
2474 1129 2492 1165 ‚
2549 1092 2916 1175 repertum
2966 1093 3070 1150 est

928 1223 1087 1270 eam
1136 1196 1228 1268 ad
1256 1197 1499 1268 hostes
1534 1194 1807 1293 optima
1832 1210 1984 1266 arte
2010 1192 2294 1265 detrudi
2329 1216 2560 1290 posse.

1210 1390 1307 1443 CV
1308 1392 1357 1442 1.
1374 1418 1447 1432 -—
1466 1386 1726 1443 Deductio
1751 1388 1820 1441 ad
1837 1388 1868 1425 ’ὓ
1893 1388 2068 1441 hostes
2089 1388 2370 1460 superioris
2389 1388 2422 1421 ³⁸
2449 1387 2705 1441 machina
2720 1389 2769 1439 ’ἢ

1020 1538 1401 1612 Dictabant
1424 1538 1617 1611 enim
1638 1552 1949 1634 quatuor
1971 1535 2241 1635 stipites
2263 1534 2503 1608 multae
2535 1536 3026 1633 grossitudinis
3044 1594 3063 1629 ‚

922 1673 1123 1731 terrae
1158 1654 1400 1729 solidae
1440 1636 1892 1725 mandandos
1915 1706 1936 1744 ‚
1989 1652 2244 1725 decem
2282 1652 2587 1752 pedibus
2622 1655 2698 1725 in
2733 1670 2922 1729 terra
2948 1657 3070 1730 de-

922 1772 1125 1845 fossis
1138 1825 1159 1863 ,
1209 1787 1376 1843 octo
1405 1794 1579 1867 vero
1605 1792 1651 1842 a
1693 1783 1882 1841 terra
1909 1768 2170 1865 ejectis,
2213 1770 2358 1856 Qui
2381 1769 2596 1841 etiam
2631 1774 3070 1869 transpositis

920 1915 1052 1989 per
1106 1902 1416 1987 quatuor
1462 1886 1685 1959 latera
1720 1884 2077 1987 repagulis
2128 1870 2764 1957 vehementissimis
2811 1886 3070 1987 solida-

922 2020 1195 2081 rentur.
1248 2002 1625 2102 Repagulis
1672 2027 1967 2101 quoque
2015 2001 2440 2074 transmissis
2487 2002 2694 2075 fimes
2749 2005 3072 2078 inseren-
3139 2002 3143 2004 ’

924 2124 1083 2203 dos.
1126 2121 1269 2195 Sed
1292 2121 1574 2195 funium
1598 2121 1831 2220 capita
1857 2120 1950 2193 ab
1983 2118 2312 2192 hostibus
2335 2118 2670 2210 abducta,
2702 2124 3072 2221 superiora

924 2239 1222 2341 quidem
1248 2237 1595 2311 machinae
1608 2292 1627 2327 ,
1667 2237 2008 2309 interiora
2032 2260 2206 2308 vero
2231 2235 2468 2308 bobus
2491 2252 3062 2313 annecterentur.

924 2367 1014 2434 At
1050 2360 1385 2433 interiora
1423 2356 1702 2453 longius
1743 2354 2224 2454 superioribus
2256 2354 2884 2453 protenderentur.
2937 2361 3069 2430 Su·

927 2478 1205 2577 periora
1256 2496 1429 2547 vero
1496 2471 1828 2545 breviore
1890 2469 2112 2543 ductu
2185 2470 2592 2544 machinam
2657 2473 3070 2573 implicitam

928 2592 1272 2665 haberent
1290 2643 1309 2681 ,
1350 2590 1449 2661 ita
1488 2604 1570 2661 ut
1603 2589 1790 2659 inter
1831 2584 2072 2660 hostes
2099 2603 2172 2660 et
2209 2586 2432 2660 boves
2471 2588 2804 2664 machina
2827 2606 3065 2665 staret.

934 2709 1137 2783 Unde
1173 2723 1245 2781 et
1278 2706 1481 2780 fleret
1497 2761 1518 2799 ,
1566 2721 1649 2778 ut
1672 2719 1946 2805 quanto
1985 2703 2208 2778 boves
2247 2704 2340 2776 ab
2372 2705 2698 2804 hostibus
2721 2707 3071 2782 trahendo

928 2824 1403 2916 discederent,
1454 2837 1656 2895 tanto
1704 2820 2037 2894 machina
2077 2818 2402 2907 hostibus
2446 2839 2740 2897 attracta
2778 2829 3072 2926 propin·
3097 2797 3122 2818 ⁸

927 2956 1203 3042 quaret.
1249 2943 1415 3028 Quo
1456 2953 1871 3036 commento
1891 2989 1911 3028 ,
1960 2937 2328 3011 chilindris
2362 2941 2748 3040 suppositis
2766 2994 2785 3033 ,
2817 2943 3076 3041 quibus

928 3057 1198 3130 facilius
1227 3070 1505 3128 motum
1532 3055 1918 3154 acciperet,
1950 3051 2282 3126 machina
2319 3054 2644 3129 hostibus
2679 3057 2880 3146 nullo
2911 3057 3080 3131 laeso‘

930 3174 1227 3274 appulsa
1260 3188 1390 3246 est.

1504 3311 1695 3382 (ΝΠ.
1716 3343 1790 3354 -
1805 3313 2044 3367 vinosa
2058 3313 2122 3350 ἣ*
2139 3313 2380 3368 tamaii
2393 3313 2480 3366 u.

1029 3436 1427 3522 Adversarii
1471 3473 1764 3547 quoque
1813 3449 2115 3522 similem
2164 3448 2459 3547 quidem
2507 3448 2913 3524 machinam
2961 3479 3076 3526 ex-

933 3579 1181 3637 truunt
1200 3619 1221 3654 ,
1273 3564 1401 3637 sed
1449 3562 1823 3637 altitudine
1863 3581 1938 3637 et
1980 3565 2244 3637 robore
2285 3566 2719 3640 inferiorem.
2765 3574 3076 3668 Utraque

937 3708 1103 3781 ergo
1126 3697 1477 3756 exstructa
1512 3683 1529 3718 ¹
1547 3737 1568 3771 ‚
1600 3707 1644 3755 a
1670 3697 1872 3782 parte
1889 3697 2191 3780 utraque
2215 3706 2589 3754 ascensum
2616 3700 2742 3756 est.
2773 3689 3078 3760 Conflic-

934 3818 1231 3897 tumque
1252 3799 1345 3872 ab
1362 3801 1680 3897 utrisque
1698 3801 2254 3900 promptissime,
2269 3825 2404 3873 nec
2427 3816 2666 3874 tamen
2688 3803 2837 3876 ullo
2857 3806 3078 3878 modo

936 3915 1227 3989 cedunt.
1263 3918 1407 3988 Rex
1434 3940 1603 3986 cum
1637 3917 1936 4016 propior
1961 3919 2183 3989 muris
2210 3917 2488 3991 adesset
2507 3977 2525 4011 ,
2577 3919 2815 3993 fundae
2839 3922 3077 4019 jaculo

938 4035 1009 4112 in
1053 4032 1253 4105 labro
1294 4033 1660 4130 superiore
1703 4035 2056 4105 sa'uciatus
2084 4050 2212 4106 est.
2251 4035 2468 4132 Cujus
2498 4036 2789 4132 injuria,
2825 4042 2937 4110 sui
2974 4064 3080 4111 ac-

1008 4209 1039 4242 *
1074 4204 1173 4273 ad,
1204 4205 1329 4258 ioris
1346 4243 1362 4270 ‚
1388 4223 1431 4257 ω
1460 4205 1671 4258 abscisa.

1005 4291 1069 4330 ι’
1104 4291 1214 4346 ria.
1240 4291 1307 4343 rii
1337 4290 1546 4342 abscisa.
1863 4333 1870 4340 .

1007 4383 1025 4412 ¹
1064 4379 1253 4430 educta
1276 4375 1595 4447 superscripto
1622 4387 1901 4427 exstructa.
