3459 5375
929 577 1054 636 212
1651 569 1986 634 Rlcnsslu
2032 573 2182 636 mn.
2230 573 2339 634 lv.

930 730 1085 779 ram
1112 703 1383 778 nullam
1425 704 1771 779 intendat.
1806 707 2067 779 Vicinis
2118 704 2686 806 quibuscumque
2722 705 3017 781 confidit
3032 764 3053 800 ‚

930 841 1010 896 ut
1041 839 1206 924 post
1241 849 1316 897 se
1365 826 1656 898 veniant
1675 879 1696 916 ‚
1740 825 2010 922 legatos
2058 825 2312 898 mittat.
2356 827 2666 923 Moxque
2712 826 2847 898 etsi
2898 850 3061 897 cum

928 943 1172 1042 paucis
1204 943 1464 1015 veniat.

929 1399 1184 1453 XLVIII.
1202 1399 1398 1453 —Rex
1411 1398 1444 1434 ⁴*
1467 1399 1631 1472 captis
1652 1399 1855 1453 Kal-olo
1869 1398 1904 1434 θ’
1931 1397 2031 1454 ct*
2054 1399 2279 1454 Arnnlfo
2306 1398 2671 1455 laudunum*
2700 1399 2997 1473 ingreditur
3010 1398 3065 1451 ⁴⁵.

1026 1573 1171 1642 Rex
1206 1584 1692 1667 quotcumque
1750 1585 1985 1668 potest
2025 1565 2319 1642 assumit
2342 1624 2363 1661 ,
2422 1585 2493 1643 et
2526 1571 2679 1642 sine
2726 1569 3067 1641 dilatione

930 1685 1356 1758 Laudunum
1391 1687 1590 1784 petit.
1624 1690 1682 1758 N
1687 1701 2029 1784 actusque
2055 1687 2307 1759 urbem
2326 1742 2347 1779 ,
2395 1702 2466 1759 et
2511 1687 2705 1784 regia
2728 1686 3069 1783 dignitate

928 1817 1262 1901 exceptus
1284 1855 1304 1893 ‚
1347 1801 1440 1874 de
1493 1803 1714 1875 salute
1763 1801 2084 1875 fidelium
2098 1858 2118 1896 ,
2184 1804 2523 1902 urbisque
2583 1804 2951 1904 ereptione
2996 1818 3069 1875 et

927 1919 1244 1991 hostium
1291 1920 1935 2020 comprehensione
1980 1923 2284 2019 quesivit
2301 1976 2321 2014 ,
2377 1938 2449 1995 et
2506 1921 2872 1994 addidicit.
2933 1922 3065 1994 Die

928 2037 1146 2110 altera
1185 2036 1457 2109 civibus
1493 2038 1733 2109 accitis
1750 2093 1770 2129 ‚
1802 2037 1895 2110 de
1930 2037 2075 2110 fide
2102 2038 2237 2110 sibi
2275 2038 2613 2112 habenda
2654 2052 3055 2137 pertractat.

928 2153 1038 2226 nli
1073 2156 1216 2227 acsi
1241 2156 1365 2253 qui
1401 2156 1590 2254 capti
1624 2170 1867 2248 erant,
1907 2171 1983 2228 et
2005 2157 2126 2253 qui
2158 2157 2312 2252 jam
2341 2157 2417 2228 in
2436 2157 2553 2253 jus
2592 2156 2879 2228 alterius
2913 2180 3060 2226 ces-

929 2288 1169 2345 serant
1182 2327 1202 2363 ,
1244 2271 1463 2345 fidem
1509 2272 1779 2344 faciunt
1812 2288 1881 2345 et
1924 2273 2073 2371 regi
2120 2288 2561 2344 sacramento
2597 2273 3057 2344 asciscuntur.

931 2390 1284 2488 Urbisque
1341 2389 1713 2462 securitate
1767 2388 1947 2461 facta
1965 2442 1985 2480 ,
2035 2414 2159 2460 rex
2208 2387 2659 2460 Silvanectim
2693 2402 2859 2486 post
2900 2412 3061 2458 cum

931 2509 1153 2606 captis
1192 2506 1518 2578 hostibus
1551 2506 1782 2578 rediit.
1836 2509 2020 2580 Suos
2072 2506 2332 2579 deinde
2368 2505 2725 2578 sciscitans
2743 2560 2764 2594 ‚
2806 2503 3065 2576 delibe-

932 2621 1143 2694 randi
1176 2621 1531 2695 rationem
1563 2619 1929 2721 querebat.
2846 2608 2851 2616 ’

931 3030 1128 3083 XLIX.
1146 3059 1220 3073 —
1241 3030 1560 3083 Deliberatio
1573 3028 1638 3065 θ’*
1663 3028 2017 3101 quorumdam
2034 3028 2099 3065 ’Ν
2124 3028 2269 3100 apud
2302 3046 2477 3100 regem
2500 3046 2658 3101 super
2670 3028 2739 3065 ω’
2760 3030 2964 3082 Karolo
2980 3030 3061 3083 θ.

1033 3203 1194 3288 Qua
1243 3198 1334 3269 de
1389 3224 1465 3269 re
1522 3197 1827 3269 aliorum
1874 3198 2223 3269 sententia
2270 3212 2425 3270 erat
2439 3251 2460 3288 ,
2512 3222 2555 3271 a
2604 3196 2867 3269 Karolo
2916 3199 3067 3269 viro

938 3316 1129 3388 claro
1161 3316 1218 3406 ⁴,
1261 3329 1333 3387 et
1367 3316 1561 3412 regio
1597 3340 1854 3413 genere
1882 3313 2125 3386 inclito
2142 3368 2161 3405 ,
2194 3316 2345 3412 ejus
2379 3330 2587 3389 natos
2630 3339 2882 3386 omnes
2906 3339 3068 3387 cum

939 3433 1238 3506 natabus
1295 3431 1582 3505 obsides
1619 3432 2109 3531 accipiendos3
2162 3432 2553 3533 petendum
2603 3432 2817 3504 etiam
2856 3430 2947 3502 ab
2984 3456 3071 3503 eo

939 3564 1458 3622 sacramentum
1473 3603 1494 3640 ,
1526 3574 1672 3647 quo
1707 3550 1857 3646 regi
1890 3547 2108 3621 fldem
2144 3548 2353 3620 faciat
2374 3602 2393 3639 ,
2434 3573 2736 3645 regnum
2772 3548 3071 3619 Franciae

940 3697 1336 3770 numquam
1371 3695 1524 3744 sese
1559 3674 2057 3771 repetiturum,
2089 3688 2339 3745 contra
2373 3686 2579 3744 natos
2618 3694 2909 3769 quoque
2934 3686 3074 3743 tes-

945 3802 1348 3861 tamentum
1388 3787 1558 3859 inde
1605 3788 1967 3861 facturum
1982 3814 2163 3887 3quo
2209 3788 2397 3861 facto
2448 3786 2799 3859 Karolum
2836 3786 3069 3858 dimit·

943 3901 1243 3976 tendum
1277 3902 1685 3975 censebant.
1722 3904 2044 3977 Aliorum
2068 3929 2241 3976 vero
2279 3906 2628 3977 sententia
2656 3902 3070 4000 hujusmodi

1014 4142 1046 4176 ⁴⁸*
1083 4142 1190 4206 Re,
1219 4140 1420 4194 Karolo
1442 4153 1520 4207 et,
1549 4159 1680 4193 num
1705 4142 1724 4193 i
1754 4141 1887 4196 absc.

1019 4231 1082 4266 ὓ*
1118 4232 1264 4297 Deli,
1288 4249 1394 4301 quo
1417 4272 1432 4298 ,
1459 4250 1566 4305 apu
1585 4272 1600 4297 ,
1627 4250 1784 4303 super
1812 4232 1945 4285 absc.

1015 4319 1032 4347 ¹
1073 4316 1218 4370 cloro
1241 4316 1413 4369 codex.
