3459 5375
960 523 1079 581 116
1667 517 1998 615 ΒΙΟῌΕΒῙ
2046 520 2194 579 Llss.
2250 519 2368 584 111.

958 651 1235 753 cipibus
1279 674 1629 723 exercere·
1658 649 1995 763 yalerent.
2051 658 2268 725 Amor
2332 678 2648 753 quoque·
2675 657 3068 759 conjugalis,

956 771 1058 841 eis
1084 794 1292 869 -pene
1328 769 1565 841 nullus
1600 768 1764 859 fuit3
1797 794 1966 841 nam
2007 797 2176 843 cum
2209 770 2326 843 ille
2371 772 2609 845 adhuc
2647 774 3074 876 pubesceret,
3188 815 3201 836 =

951 882 1071 955 illa
1094 906 1269 954 vero
1309 907 1488 953 anus
1522 881 1705 953 foret
1723 936 1744 973 ,
1786 884 2160 955 contrariis
2195 884 2521 957 moribus
2557 885 3070 969 dissentiebant.

946 999 1375 1073 Cubiculum
1426 1014 1814 1072 commune
1861 1001 1998 1072 sibi
2055 1026 2204 1073 non
2257 1002 2736 1101 patiebantur.
2799 1008 3077 1106 Requie-

949 1120 1089 1193 turi
1131 1139 1422 1216 quoque
1456 1115 1754 1189 diversis
1791 1117 2114 1217 hospitiis
2149 1118 2631 1217 potiebantur.
2681 1121 2754 1191 si
2799 1128 3076 1220 quando

946 1232 1509 1336 colloquendum
1557 1252 1742 1326 erat,
1794 1235 2038 1308 locum
2083 1236 2219 1308 sub
2273 1237 2442 1309 divo
2498 1236 2883 1312 habebant.
2951 1248 3077 1319 Pro

946 1352 1398 1445 sermonibus
1432 1352 1920 1452 producendis
1938 1408 1956 1443 ‚
2017 1354 2441 1452 paucissima
2477 1353 2715 1430 dicere
2757 1368 2864 1429 sat
2911 1377 3073 1434 erat.

945 1475 1035 1543 Et
1055 1470 1200 1542 hoc
1227 1470 1422 1569 apud
1459 1494 1583 1541 eos
1617 1469 1764 1541 fere
1799 1485 1951 1543 erat
1984 1495 2116 1569 per
2139 1469 2538 1542 biennium.
2581 1474 2911 1559 Quorum
2947 1472 3082 1548 mo-

942 1614 1057 1662 res
1084 1613 1309 1686 usque
1336 1587 1520 1659 adeo
1561 1586 1936 1660 discordes
1959 1588 2155 1661 fuere
2175 1643 2194 1680 ,
2239 1604 2317 1661 ut
2343 1612 2494 1660 non
2530 1588 2766 1661 multo
2799 1602 2963 1688 post
2983 1619 3079 1665 se-

943 1718 1281 1802 queretur
1314 1717 1386 1775 et
1422 1701 1835 1775 divortium.

1939 2046 2086 2101 XCV
2089 2056 2107 2099 ᾳ

1039 2192 1443 2265 Ludovicus'
1469 2218 1670 2282 vero,
1717 2192 1887 2289 quia
1913 2216 2200 2262 morum
2224 2188 2767 2260 informatorem
2795 2212 2944 2261 non
2968 2192 3083 2264 ha-

942 2309 1193 2402 bebat,
1226 2325 1475 2408 utpote
1502 2309 1923 2381 adolescens
1945 2308 2212 2380 levium
2239 2332 2480 2379 rerum
2514 2303 2948 2395 vanitatibus
2982 2309 3082 2380 in-

944 2426 1254 2500 sistebat.
1286 2413 1625 2497 Habitum
1648 2427 1665 2461 ¹
1704 2425 1950 2524 patriae
1971 2425 2233 2523 gentis,
2263 2447 2398 2522 pro
2420 2424 2855 2521 peregrinis,
2896 2425 3084 2522 peni-

944 2560 1057 2615 tus
1091 2543 1544 2641 deposuerat.
1598 2546 1844 2641 Itaque
1885 2543 1958 2611 in
1999 2541 2482 2613 miserandam
2519 2540 2886 2613 fortunam
2908 2596 2928 2633 ,
2985 2568 3086 2617 res

942 2661 1227 2758 penitus
1254 2640 1525 2759 dilapsa
1566 2675 1696 2751 est,
1728 2674 1905 2744 utet
1930 2658 2254 2731 moribus
2282 2657 2619 2758 degener,
2652 2673 2722 2731 et
2745 2660 3089 2757 regnandi

943 2779 1365 2877 impotentia
1386 2763 1727 2875 inglorius
1749 2790 1966 2867 esset3
1997 2792 2071 2848 et
2087 2777 2212 2875 qui
2233 2777 2450 2875 paulo
2467 2792 2630 2849 ante
2655 2802 2782 2849 rex
2806 2803 3083 2874 genere,

944 2893 1165 2983 fama,
1199 2907 1413 2990 atque
1439 2893 1665 2991 copiis
1700 2907 1964 2992 potens
1983 2945 2004 2981 ,
2045 2917 2240 2976 nunc
2275 2917 2700 2964 erumnosus
2737 2906 2814 2964 et
2839 2892 3082 2992 inops,

943 3011 1047 3082 rei
1076 3009 1435 3082 familiaris
1469 3008 1679 3080 simul
1699 3023 1773 3080 et
1787 2990 2106 3080 militaris
2131 3009 2530 3082 calamitate
2555 3009 2940 3107 squaleret.
2973 3012 3090 3082 His

836 3188 846 3198 ,
942 3126 1315 3199 Lotharius
1341 3151 1465 3198 rex
1489 3151 1620 3225 per
1646 3126 1912 3198 multos
1934 3127 2236 3223 cognitis
2253 3181 2272 3216 ,
2305 3126 2533 3198 filium
2557 3125 2725 3198 inde
2753 3150 3088 3200 revocare

942 3243 1341 3340 cogitabat3
1384 3265 1536 3314 non
1562 3244 1901 3339 ignorans
1939 3244 2012 3314 in
2055 3245 2258 3342 pejus
2286 3268 2454 3316 eum
2491 3243 2897 3341 lapsurum,
2923 3269 3088 3348 ¹cum

942 3359 1083 3431 illic
1121 3359 1397 3432 nullum
1434 3359 1794 3457 dignitatis
1819 3361 2026 3458 regiae
2063 3357 2362 3432 haberet
2393 3360 2774 3433 honorem.
2807 3363 3091 3460 Equita-

940 3492 1095 3547 tum
1120 3478 1359 3575 itaque
1380 3492 1586 3577 parat
1606 3475 1831 3548 filium
1863 3479 2312 3575 repetiturus
2347 3478 2799 3574 Aquitaniam
2825 3480 3089 3576 ingres·
3214 3488 3223 3499 '

941 3618 1059 3665 sus
1092 3594 1443 3666 'Briddam
1496 3596 1721 3693 petiit.
1787 3593 2040 3666 Filium
2079 3595 2338 3692 repetit
2373 3609 2444 3666 et
2481 3593 2781 3667 reducit.
2829 3596 3092 3692 Regina

939 3735 1093 3784 sese
1118 3711 1482 3785 viduatam
1516 3711 1793 3801 dolens,
1836 3727 1908 3782 et
1933 3711 2156 3782 verita
2191 3710 2478 3806 majoris
2501 3709 2958 3782 incommodi
2985 3711 3090 3780 in·

927 3829 1193 3926 juriam
1212 3885 1232 3922 ,
1256 3829 1672 3901 Wilelmum
1698 3827 2175 3902 Arelatensem
2199 3827 2371 3900 adiit
2391 3883 2410 3920 ,
2453 3828 2662 3925 eique
2697 3828 2974 3926 nupsit.
3001 3831 3098 3914 Et

935 3947 1033 4018 sic
1069 3971 1155 4019 ex
1191 3945 1499 4018 divortio
1522 3999 1540 4034 ‚
1574 3945 2003 4018 adulterium
2029 3945 2398 4046 publicum
2439 3960 2813 4049 operatum
2853 3959 2987 4017 est.

1006 4163 1025 4194 ⁹
1062 4165 1241 4216 Vestes
1265 4181 1389 4215 corr.
1416 4163 1653 4216 habitum
1685 4163 1858 4215 code-1.
