3459 5375
931 548 1012 607 32
1637 543 1967 606 RIGRERI
2012 544 2157 607 LIB.
2206 546 2323 605 111.

1038 770 1213 823 XXX.
1233 768 1476 836 -Quod
1501 768 1761 823 Adalbero
1782 770 2155 841 privilegium*
2179 772 2233 823 in
2260 769 2448 823 sinodo
2471 768 2501 802 '⁵
2525 770 2591 821 ab
2629 768 2881 840 episcopis
2904 770 2933 799 ³*

1693 860 1993 935 confirmari
2008 860 2038 893 ἕ
2076 860 2197 911 fecit
2212 858 2263 911 ¹¹⁸.

1035 1010 1157 1081 His
1177 1010 1273 1081 ita
1291 1008 1571 1099 habitis,
1599 1026 1761 1107 post
1784 1036 1903 1081 sex
1930 1011 2279 1083 mensium
2303 1026 2581 1109 tempus
2620 1008 2711 1079 ad
2730 1020 3047 1079 montem

935 1142 1189 1199 sanctae
1217 1127 1472 1216 Mariae,
1503 1128 1626 1223 qui
1651 1127 1850 1198 locus
1886 1142 1991 1199 est
2018 1131 2401 1199 Remorum
2428 1127 2884 1198 diocesaneus
2899 1177 2918 1213 ,
2959 1122 3049 1194 ab

939 1242 1195 1315 eodem
1271 1242 1814 1340 metropolitano
1888 1242 2182 1315 sinodus
2249 1244 2743 1341 episcoporum
2816 1238 3053 1311 habita

944 1374 1071 1430 est.
1124 1357 1400 1446 Quibus
1444 1358 2004 1448 considentibuS,
2057 1375 2219 1456 post
2266 1356 2589 1455 quaedam
2628 1356 2881 1459 sinodo
2931 1357 3056 1428 uti·

943 1480 1034 1550 lia
1051 1532 1072 1569 ,
1126 1492 1337 1575 atque
1373 1493 1628 1549 sanctae
1651 1478 1977 1550 aecclesiae
2014 1477 2397 1550 commoda
2414 1532 2435 1569 ,
2478 1478 3061 1576 metropolitanus

947 1616 1188 1665 coram
1240 1594 1341 1665 sic
1387 1595 1847 1666 concionatus
1889 1596 1988 1665 ait
2024 1622 2039 1665 ε
2074 1623 2109 1661 «
2152 1596 2541 1683 Quoniam,
2594 1608 2829 1691 patres
2874 1618 3063 1664 reve-

953 1738 986 1775 «
1031 1709 1260 1799 rendi,
1319 1710 1534 1805 gratia
1585 1711 1808 1781 sancti
1847 1710 2142 1808 Spiritus
2184 1708 2301 1780 hic
2346 1708 2621 1780 collecti
2664 1733 2907 1780 sumus
2923 1762 2942 1795 ‚
2994 1724 3065 1779 et

953 1853 987 1889 «
1029 1849 1186 1920 quae
1233 1822 1324 1895 de
1372 1837 1553 1895 statu
1599 1838 1855 1895 sanctae
1896 1823 2217 1895 aecclesiae
2255 1823 2403 1895 visa
2439 1838 2603 1894 sunt
2638 1822 2834 1893 utilia
2877 1821 3067 1893 ordi-

955 1968 987 2006 «
1033 1939 1362 2010 navimus·
1379 1994 1397 2027 ,
1452 1954 1662 2011 restat
1712 1937 1948 2010 adhuc
2001 1964 2110 2009 res
2153 1938 2327 2009 mihi
2376 1938 2556 2009 adeo
2605 1937 2889 2036 placens
2912 1992 2933 2029 ,
2998 1954 3069 2009 et

956 2083 989 2121 «
1035 2052 1394 2124 nonnullis
1450 2068 1706 2125 nostrae
1766 2054 2085 2125 aecclesiae
2144 2054 2301 2125 filiis
2342 2079 2537 2125 nunc
2597 2069 2669 2126 et
2710 2055 2783 2124 in
2842 2069 3072 2152 poste-

957 2196 992 2234 «
1035 2192 1196 2239 rum
1236 2168 1644 2267 profutura3
1701 2194 1919 2266 quam
1972 2170 2185 2243 etiam
2226 2186 2471 2243 vestrae
2518 2170 2838 2268 dignitati
2894 2170 3072 2242 indi-

958 2314 992 2352 «
1033 2284 1336 2357 candam
1381 2283 1708 2375 arbitror,
1758 2302 1969 2383 atque
2015 2287 2519 2360 roborandam.
2575 2292 2753 2359 Ante
2802 2302 3073 2385 septem

961 2436 994 2472 «
1038 2406 1383 2478 mensium
1446 2405 1598 2478 dies
1623 2460 1642 2495 ,
1701 2421 1783 2478 ut
1831 2406 2033 2479 vobis
2080 2432 2369 2507 quoque
2429 2410 2873 2480 notissimum
2920 2422 3028 2479 est
3048 2462 3068 2499 ,

961 2550 995 2588 α
1037 2521 1112 2591 in
1159 2520 1429 2593 ltaliam
1481 2523 1831 2615 concessi,
1874 2524 2313 2621 Romamque
2361 2523 2651 2611 deveni,
2700 2548 2785 2594 ac
2828 2522 3079 2595 domni

962 2669 994 2706 «
1039 2654 1111 2712 et
1164 2637 1534 2737 apostolici
1595 2640 1728 2710 viri
1789 2638 2129 2712 Johannis
2180 2638 2535 2737 colloquio
2598 2639 2945 2738 simulque
3008 2656 3080 2714 et

964 2785 996 2822 «
1041 2754 1512 2828 benivolentia
1573 2756 2105 2829 familiarissime
2154 2782 2321 2828 usus
2338 2809 2359 2846 ,
2424 2755 2515 2828 ab
2578 2782 2665 2828 eo
2727 2771 2965 2855 petere
3020 2759 3077 2827 si

965 2901 1000 2940 «
1042 2871 1218 2969 quid
1283 2888 1604 2970 optarem
1663 2875 1976 2945 monitus
2040 2897 2223 2944 sum.
2284 2877 2637 2970 Ratusque
2692 2872 3080 2971 petendum

965 3017 999 3054 «
1043 3001 1124 3059 ut
1186 3011 1298 3060 res
1327 2989 1344 3023 ⁴
1429 2987 1681 3061 domni
1738 3013 1821 3060 ac
1876 2989 2160 3086 patroni
2232 2990 2456 3062 nostri
2514 2991 2861 3086 Remigii,
2940 3015 3082 3060 suae

968 3133 1002 3170 «
1043 3104 1480 3175 auctoritatis
1515 3103 1881 3202 privilegio
1918 3120 2163 3178 contra
2209 3105 2563 3204 quoslibet
2604 3107 2920 3178 tirannos
2954 3119 3084 3176 sta-

969 3247 1004 3284 «
1046 3217 1310 3308 biliret,
1358 3234 1430 3290 et
1473 3218 1827 3292 abbatiam
1876 3223 2097 3292 sancti
2133 3221 2482 3294 Timothei
2516 3222 2820 3294 martiris
2836 3274 2856 3312 ,
2894 3247 2936 3293 a
2968 3245 3085 3292 me

970 3365 1003 3401 «
1051 3332 1316 3423 datam,
1367 3334 1498 3406 illis
1549 3337 1780 3408 uniret
1802 3390 1820 3424 ,
1858 3335 1933 3406 id
1963 3336 2229 3434 absque
2267 3338 2731 3434 refragatione
2779 3336 3079 3409 obtinui.

973 3479 1007 3516 «
1051 3451 1338 3548 Scripsit
1385 3475 1553 3547 ergo
1572 3505 1593 3541 ‚
1651 3475 1733 3523 ac
1782 3474 2024 3522 coram
2070 3453 2417 3551 episcopis
2470 3478 2770 3526 numero
2819 3452 3089 3524 duode-

972 3594 1007 3631 «
1051 3565 1190 3635 cim
1241 3566 1516 3637 recitari
1572 3567 1779 3662 jussit
1796 3621 1815 3657 ,
1890 3569 2129 3664 eisque
2196 3567 2683 3640 roborandum
2745 3569 3079 3666 porrexit.

975 3710 1010 3746 «
1055 3679 1269 3767 Quod
1305 3697 1375 3753 et
1411 3680 1661 3752 domni
1703 3707 1902 3780 papae
1946 3683 2146 3780 sigilli
2191 3699 2361 3756 nota
2397 3685 2837 3783 insignitum,
2884 3683 3091 3756 vobis

977 3823 1012 3860 «
1055 3820 1343 3893 quoque
1385 3797 1872 3870 roborandum
1911 3799 2141 3889 attuli,
2202 3817 2283 3872 ut
2336 3801 2803 3901 plurimorum
2857 3815 3093 3872 aucto-

979 3939 1014 3976 «
1058 3912 1259 3983 ritate
1316 3913 1730 4004 subnixum‚
1796 3914 2157 3987 nullorum
2204 3916 2721 3990 machinatione
2773 3916 3093 4014 quando·

1051 4167 1076 4198 Ῥ
1113 4164 1211 4229 ivi,
1245 4165 1358 4216 sino
1377 4205 1390 4228 ,
1419 4166 1586 4235 scopis
1609 4205 1622 4229 ,
1653 4167 1843 4232 confir,
1876 4167 1947 4220 cit
1970 4167 2174 4218 abscisa.

1047 4247 1066 4279 ¹
1107 4261 1164 4300 ut
1194 4267 1373 4301 omncs
1397 4269 1441 4302 r.
1469 4250 1684 4303 mobiles
1712 4249 1949 4304 videlicet
1974 4263 2123 4321 atque
2144 4251 2419 4304 inmobiles
2440 4251 2616 4304 deleta.
