<?xml version="1.0" encoding="UTF-8"?>
<!DOCTYPE html PUBLIC "-//W3C//DTD XHTML 1.0 Transitional//EN"
    "http://www.w3.org/TR/xhtml1/DTD/xhtml1-transitional.dtd">
<html xmlns="http://www.w3.org/1999/xhtml" xml:lang="en" lang="en">
 <head>
  <title>
</title>
<meta http-equiv="Content-Type" content="text/html;charset=utf-8" />
  <meta name='ocr-system' content='tesseract 3.04.00' />
  <meta name='ocr-capabilities' content='ocr_page ocr_carea ocr_par ocr_line ocrx_word'/>
</head>
<body>
  <div class='ocr_page' id='page_1' title='image "./richerhistoired03parigoog_0134.png"; bbox 0 0 3459 5375; ppageno 0'>
   <div class='ocr_carea' id='block_1_1' title="bbox 55 5137 79 5359">
    <p class='ocr_par' dir='ltr' id='par_1_1' title="bbox 55 5137 79 5359">
     <span class='ocr_line' id='line_1_1' title="bbox 55 5137 79 5359; textangle 90"><span class='ocrx_word' id='word_1_1' title='bbox 55 5137 79 5359; x_wconf 63' lang='grc' dir='ltr'>ππ</span> 
     </span>
    </p>
   </div>
   <div class='ocr_carea' id='block_1_2' title="bbox 834 534 2237 604">
    <p class='ocr_par' dir='ltr' id='par_1_2' title="bbox 834 534 2237 604">
     <span class='ocr_line' id='line_1_2' title="bbox 834 534 2237 604; baseline -0.004 -3"><span class='ocrx_word' id='word_1_2' title='bbox 834 544 953 604; x_wconf 74' lang='lat'>122</span> <span class='ocrx_word' id='word_1_3' title='bbox 1538 536 1870 599; x_wconf 78' lang='lat' dir='ltr'>Rlcflssm</span> <span class='ocrx_word' id='word_1_4' title='bbox 1918 535 2069 596; x_wconf 83' lang='lat' dir='ltr'>LIB.</span> <span class='ocrx_word' id='word_1_5' title='bbox 2115 534 2237 597; x_wconf 75' lang='lat'>111.</span> 
     </span>
    </p>
   </div>
   <div class='ocr_carea' id='block_1_3' title="bbox 830 668 2989 1586">
    <p class='ocr_par' dir='ltr' id='par_1_3' title="bbox 830 668 2989 1586">
     <span class='ocr_line' id='line_1_3' title="bbox 830 668 2978 769; baseline -0.001 -22"><span class='ocrx_word' id='word_1_6' title='bbox 830 671 1333 763; x_wconf 55' lang='lat' dir='ltr'>vertebanturg</span> <span class='ocrx_word' id='word_1_7' title='bbox 1364 671 1723 769; x_wconf 60' lang='lat' dir='ltr'>aurisque</span> <span class='ocrx_word' id='word_1_8' title='bbox 1752 668 2023 743; x_wconf 81' lang='lat' dir='ltr'>efferati</span> <span class='ocrx_word' id='word_1_9' title='bbox 2045 726 2066 763; x_wconf 90' lang='lat'>‚</span> <span class='ocrx_word' id='word_1_10' title='bbox 2103 668 2457 769; x_wconf 78' lang='lat' dir='ltr'>quosdam</span> <span class='ocrx_word' id='word_1_11' title='bbox 2481 670 2978 765; x_wconf 77' lang='lat' dir='ltr'>vulnerabant,</span> 
     </span>
     <span class='ocr_line' id='line_1_4' title="bbox 832 785 2985 890; baseline 0 -27"><span class='ocrx_word' id='word_1_12' title='bbox 832 788 1189 890; x_wconf 86' lang='lat' dir='ltr'>quosdam</span> <span class='ocrx_word' id='word_1_13' title='bbox 1225 806 1399 861; x_wconf 70' lang='lat' dir='ltr'>vero</span> <span class='ocrx_word' id='word_1_14' title='bbox 1436 800 1671 859; x_wconf 85' lang='lat' dir='ltr'>morte</span> <span class='ocrx_word' id='word_1_15' title='bbox 1697 786 2124 861; x_wconf 81' lang='lat' dir='ltr'>afficiebant.</span> <span class='ocrx_word' id='word_1_16' title='bbox 2155 792 2461 859; x_wconf 88' lang='lat' dir='ltr'>Tantum</span> <span class='ocrx_word' id='word_1_17' title='bbox 2497 789 2572 860; x_wconf 84' lang='lat' dir='ltr'>in</span> <span class='ocrx_word' id='word_1_18' title='bbox 2595 789 2696 861; x_wconf 87' lang='lat' dir='ltr'>eis</span> <span class='ocrx_word' id='word_1_19' title='bbox 2729 798 2842 862; x_wconf 84' lang='lat' dir='ltr'>ter</span> <span class='ocrx_word' id='word_1_20' title='bbox 2864 785 2985 863; x_wconf 89' lang='lat' dir='ltr'>de·</span> 
     </span>
     <span class='ocr_line' id='line_1_5' title="bbox 835 904 2986 1003; baseline -0.001 -22"><span class='ocrx_word' id='word_1_21' title='bbox 835 908 1163 982; x_wconf 82' lang='lat' dir='ltr'>bacchati</span> <span class='ocrx_word' id='word_1_22' title='bbox 1179 963 1199 1000; x_wconf 86' lang='lat'>,</span> <span class='ocrx_word' id='word_1_23' title='bbox 1226 920 1307 979; x_wconf 90' lang='lat' dir='ltr'>ut</span> <span class='ocrx_word' id='word_1_24' title='bbox 1330 927 1677 979; x_wconf 81' lang='lat' dir='ltr'>caesorum</span> <span class='ocrx_word' id='word_1_25' title='bbox 1704 904 2170 979; x_wconf 84' lang='lat' dir='ltr'>cadaveribus</span> <span class='ocrx_word' id='word_1_26' title='bbox 2199 920 2524 1003; x_wconf 77' lang='lat' dir='ltr'>aggerata</span> <span class='ocrx_word' id='word_1_27' title='bbox 2557 906 2810 998; x_wconf 75' lang='lat' dir='ltr'>moleS‚</span> <span class='ocrx_word' id='word_1_28' title='bbox 2843 906 2986 979; x_wconf 90' lang='lat' dir='ltr'>col-</span> 
     </span>
     <span class='ocr_line' id='line_1_6' title="bbox 832 1006 2986 1100; baseline -0.002 -1"><span class='ocrx_word' id='word_1_29' title='bbox 832 1019 1020 1099; x_wconf 88' lang='lat' dir='ltr'>libus</span> <span class='ocrx_word' id='word_1_30' title='bbox 1056 1024 1581 1100; x_wconf 84' lang='lat' dir='ltr'>assimilaretur.</span> <span class='ocrx_word' id='word_1_31' title='bbox 1628 1022 1760 1095; x_wconf 79' lang='lat' dir='ltr'>Alii</span> <span class='ocrx_word' id='word_1_32' title='bbox 1795 1040 1969 1096; x_wconf 80' lang='lat' dir='ltr'>vero</span> <span class='ocrx_word' id='word_1_33' title='bbox 2007 1006 2522 1095; x_wconf 79' lang='lat' dir='ltr'>descendentes</span> <span class='ocrx_word' id='word_1_34' title='bbox 2549 1037 2674 1093; x_wconf 88' lang='lat' dir='ltr'>aut</span> <span class='ocrx_word' id='word_1_35' title='bbox 2696 1022 2986 1095; x_wconf 82' lang='lat' dir='ltr'>vibratis</span> 
     </span>
     <span class='ocr_line' id='line_1_7' title="bbox 836 1129 2984 1245; baseline -0.003 -26"><span class='ocrx_word' id='word_1_36' title='bbox 836 1141 1086 1245; x_wconf 84' lang='lat' dir='ltr'>gladiis</span> <span class='ocrx_word' id='word_1_37' title='bbox 1146 1138 1512 1217; x_wconf 84' lang='lat' dir='ltr'>frondium</span> <span class='ocrx_word' id='word_1_38' title='bbox 1568 1144 2062 1242; x_wconf 87' lang='lat' dir='ltr'>oppositarum</span> <span class='ocrx_word' id='word_1_39' title='bbox 2109 1140 2538 1213; x_wconf 80' lang='lat' dir='ltr'>densitatem</span> <span class='ocrx_word' id='word_1_40' title='bbox 2584 1129 2984 1231; x_wconf 78' lang='lat' dir='ltr'>metebant,</span> 
     </span>
     <span class='ocr_line' id='line_1_8' title="bbox 836 1257 2988 1359; baseline -0.003 -23"><span class='ocrx_word' id='word_1_41' title='bbox 836 1279 961 1337; x_wconf 86' lang='lat' dir='ltr'>aut</span> <span class='ocrx_word' id='word_1_42' title='bbox 1018 1261 1347 1335; x_wconf 84' lang='lat' dir='ltr'>trudibus</span> <span class='ocrx_word' id='word_1_43' title='bbox 1416 1259 1687 1333; x_wconf 81' lang='lat' dir='ltr'>adactis</span> <span class='ocrx_word' id='word_1_44' title='bbox 1745 1259 2247 1359; x_wconf 75' lang='lat' dir='ltr'>transpositam</span> <span class='ocrx_word' id='word_1_45' title='bbox 2317 1257 2658 1331; x_wconf 83' lang='lat' dir='ltr'>arborum</span> <span class='ocrx_word' id='word_1_46' title='bbox 2717 1257 2988 1331; x_wconf 88' lang='lat' dir='ltr'>molem</span> 
     </span>
     <span class='ocr_line' id='line_1_9' title="bbox 837 1374 2989 1475; baseline -0.002 -24"><span class='ocrx_word' id='word_1_47' title='bbox 837 1379 1269 1453; x_wconf 83' lang='lat' dir='ltr'>amovebant</span> <span class='ocrx_word' id='word_1_48' title='bbox 1280 1430 1307 1471; x_wconf 47' lang='lat'>,‚</span> <span class='ocrx_word' id='word_1_49' title='bbox 1352 1376 1637 1475; x_wconf 81' lang='lat' dir='ltr'>sibique</span> <span class='ocrx_word' id='word_1_50' title='bbox 1670 1379 1687 1413; x_wconf 77' lang='lat'><strong><em>⁴</em></strong></span> <span class='ocrx_word' id='word_1_51' title='bbox 1743 1379 1878 1450; x_wconf 75' lang='lat' dir='ltr'>iter</span> <span class='ocrx_word' id='word_1_52' title='bbox 1915 1375 2350 1475; x_wconf 88' lang='lat' dir='ltr'>aperiebant.</span> <span class='ocrx_word' id='word_1_53' title='bbox 2393 1374 2732 1461; x_wconf 68' lang='lat' dir='ltr'>Tandem¹</span> <span class='ocrx_word' id='word_1_54' title='bbox 2753 1375 2989 1448; x_wconf 82' lang='lat' dir='ltr'>multo</span> 
     </span>
     <span class='ocr_line' id='line_1_10' title="bbox 840 1492 2444 1586; baseline -0.003 -19"><span class='ocrx_word' id='word_1_55' title='bbox 840 1510 1132 1586; x_wconf 80' lang='lat' dir='ltr'>conatu,</span> <span class='ocrx_word' id='word_1_56' title='bbox 1164 1494 1259 1567; x_wconf 91' lang='lat' dir='ltr'>de</span> <span class='ocrx_word' id='word_1_57' title='bbox 1285 1493 1529 1567; x_wconf 90' lang='lat' dir='ltr'>medio</span> <span class='ocrx_word' id='word_1_58' title='bbox 1552 1492 1871 1565; x_wconf 85' lang='lat' dir='ltr'>hostium</span> <span class='ocrx_word' id='word_1_59' title='bbox 1897 1492 2137 1565; x_wconf 83' lang='lat' dir='ltr'>educti</span> <span class='ocrx_word' id='word_1_60' title='bbox 2171 1506 2360 1564; x_wconf 85' lang='lat' dir='ltr'>sunt.</span> <span class='ocrx_word' id='word_1_61' title='bbox 2437 1514 2444 1521; x_wconf 94' lang='lat'>·</span> 
     </span>
    </p>
   </div>
   <div class='ocr_carea' id='block_1_4' title="bbox 1781 1999 1982 2059">
    <p class='ocr_par' dir='ltr' id='par_1_4' title="bbox 1781 1999 1982 2059">
     <span class='ocr_line' id='line_1_11' title="bbox 1781 1999 1982 2059; baseline 0 -1"><span class='ocrx_word' id='word_1_62' title='bbox 1781 1999 1982 2059; x_wconf 74' lang='lat' dir='ltr'>xm.</span> 
     </span>
    </p>
   </div>
   <div class='ocr_carea' id='block_1_5' title="bbox 837 2140 3003 3800">
    <p class='ocr_par' dir='ltr' id='par_1_5' title="bbox 837 2140 2996 3182">
     <span class='ocr_line' id='line_1_12' title="bbox 938 2140 2992 2246; baseline 0 -32"><span class='ocrx_word' id='word_1_63' title='bbox 938 2140 1087 2216; x_wconf 84' lang='lat' dir='ltr'>Hac</span> <span class='ocrx_word' id='word_1_64' title='bbox 1122 2158 1541 2243; x_wconf 83' lang='lat' dir='ltr'>tempestate</span> <span class='ocrx_word' id='word_1_65' title='bbox 1574 2142 1961 2215; x_wconf 83' lang='lat' dir='ltr'>Germania</span> <span class='ocrx_word' id='word_1_66' title='bbox 1987 2142 2016 2179; x_wconf 83' lang='lat'>&#39;</span> <span class='ocrx_word' id='word_1_67' title='bbox 2057 2142 2259 2214; x_wconf 89' lang='lat' dir='ltr'>nullo</span> <span class='ocrx_word' id='word_1_68' title='bbox 2301 2144 2486 2241; x_wconf 87' lang='lat' dir='ltr'>regis</span> <span class='ocrx_word' id='word_1_69' title='bbox 2535 2140 2838 2246; x_wconf 82' lang='lat' dir='ltr'>imperio</span> <span class='ocrx_word' id='word_1_70' title='bbox 2899 2156 2992 2215; x_wconf 90' lang='lat' dir='ltr'>te-</span> 
     </span>
     <span class='ocr_line' id='line_1_13' title="bbox 839 2256 2992 2360; baseline 0 -29"><span class='ocrx_word' id='word_1_71' title='bbox 839 2256 1145 2333; x_wconf 89' lang='lat' dir='ltr'>nebatur</span> <span class='ocrx_word' id='word_1_72' title='bbox 1159 2315 1177 2352; x_wconf 91' lang='lat'>,</span> <span class='ocrx_word' id='word_1_73' title='bbox 1229 2261 1500 2360; x_wconf 87' lang='lat' dir='ltr'>quippe</span> <span class='ocrx_word' id='word_1_74' title='bbox 1536 2283 1705 2333; x_wconf 86' lang='lat' dir='ltr'>cum</span> <span class='ocrx_word' id='word_1_75' title='bbox 1750 2266 1822 2332; x_wconf 87' lang='lat' dir='ltr'>et</span> <span class='ocrx_word' id='word_1_76' title='bbox 1857 2263 2202 2332; x_wconf 84' lang='lat' dir='ltr'>Ottonem</span> <span class='ocrx_word' id='word_1_77' title='bbox 2249 2260 2596 2333; x_wconf 84' lang='lat' dir='ltr'>infantem</span> <span class='ocrx_word' id='word_1_78' title='bbox 2631 2261 2851 2332; x_wconf 85' lang='lat' dir='ltr'>aetatis</span> <span class='ocrx_word' id='word_1_79' title='bbox 2885 2258 2992 2331; x_wconf 89' lang='lat' dir='ltr'>in-</span> 
     </span>
     <span class='ocr_line' id='line_1_14' title="bbox 841 2369 2993 2477; baseline 0 -28"><span class='ocrx_word' id='word_1_80' title='bbox 841 2376 1137 2450; x_wconf 87' lang='lat' dir='ltr'>firmitas</span> <span class='ocrx_word' id='word_1_81' title='bbox 1196 2403 1494 2477; x_wconf 86' lang='lat' dir='ltr'>regnare</span> <span class='ocrx_word' id='word_1_82' title='bbox 1568 2369 2017 2477; x_wconf 85' lang='lat' dir='ltr'>prohiberet,</span> <span class='ocrx_word' id='word_1_83' title='bbox 2095 2392 2167 2451; x_wconf 97' lang='lat' dir='ltr'>et</span> <span class='ocrx_word' id='word_1_84' title='bbox 2223 2376 2547 2450; x_wconf 89' lang='lat' dir='ltr'>Heziloni</span> <span class='ocrx_word' id='word_1_85' title='bbox 2561 2433 2581 2469; x_wconf 89' lang='lat'>,</span> <span class='ocrx_word' id='word_1_86' title='bbox 2641 2370 2993 2476; x_wconf 84' lang='lat' dir='ltr'>regnandi</span> 
     </span>
     <span class='ocr_line' id='line_1_15' title="bbox 841 2494 2992 2597; baseline 0 -29"><span class='ocrx_word' id='word_1_87' title='bbox 841 2496 1109 2597; x_wconf 90' lang='lat' dir='ltr'>cupido</span> <span class='ocrx_word' id='word_1_88' title='bbox 1134 2552 1155 2589; x_wconf 82' lang='lat'>‚</span> <span class='ocrx_word' id='word_1_89' title='bbox 1218 2522 1261 2569; x_wconf 89' lang='lat' dir='ltr'>a</span> <span class='ocrx_word' id='word_1_90' title='bbox 1307 2496 1711 2596; x_wconf 87' lang='lat' dir='ltr'>potioribus</span> <span class='ocrx_word' id='word_1_91' title='bbox 1761 2522 2062 2595; x_wconf 82' lang='lat' dir='ltr'>regnum</span> <span class='ocrx_word' id='word_1_92' title='bbox 2101 2494 2730 2569; x_wconf 85' lang='lat' dir='ltr'>contradiceretur.</span> <span class='ocrx_word' id='word_1_93' title='bbox 2783 2495 2992 2569; x_wconf 91' lang='lat' dir='ltr'>Unde</span> 
     </span>
     <span class='ocr_line' id='line_1_16' title="bbox 841 2613 2994 2716; baseline 0 -29"><span class='ocrx_word' id='word_1_94' title='bbox 841 2613 1219 2702; x_wconf 68' lang='lat' dir='ltr'>lotharius</span> <span class='ocrx_word' id='word_1_95' title='bbox 1254 2615 1711 2688; x_wconf 82' lang='lat' dir='ltr'>occasionem</span> <span class='ocrx_word' id='word_1_96' title='bbox 1753 2630 2005 2688; x_wconf 88' lang='lat' dir='ltr'>nactus</span> <span class='ocrx_word' id='word_1_97' title='bbox 2030 2668 2050 2707; x_wconf 89' lang='lat'>,</span> <span class='ocrx_word' id='word_1_98' title='bbox 2107 2614 2202 2688; x_wconf 90' lang='lat' dir='ltr'>de</span> <span class='ocrx_word' id='word_1_99' title='bbox 2241 2616 2534 2714; x_wconf 82' lang='lat' dir='ltr'>Belgicae</span> <span class='ocrx_word' id='word_1_100' title='bbox 2571 2616 2994 2716; x_wconf 84' lang='lat' dir='ltr'>pervasione</span> 
     </span>
     <span class='ocr_line' id='line_1_17' title="bbox 843 2729 2996 2829; baseline 0.001 -28"><span class='ocrx_word' id='word_1_101' title='bbox 843 2731 1107 2828; x_wconf 73' lang='lat' dir='ltr'>iterum</span> <span class='ocrx_word' id='word_1_102' title='bbox 1162 2729 1561 2829; x_wconf 79' lang='lat' dir='ltr'>cogitabat,</span> <span class='ocrx_word' id='word_1_103' title='bbox 1628 2745 1709 2804; x_wconf 88' lang='lat' dir='ltr'>ut</span> <span class='ocrx_word' id='word_1_104' title='bbox 1751 2731 2082 2805; x_wconf 77' lang='lat' dir='ltr'>videlicet</span> <span class='ocrx_word' id='word_1_105' title='bbox 2127 2731 2223 2804; x_wconf 89' lang='lat' dir='ltr'>ad</span> <span class='ocrx_word' id='word_1_106' title='bbox 2285 2757 2428 2804; x_wconf 84' lang='lat' dir='ltr'>suae</span> <span class='ocrx_word' id='word_1_107' title='bbox 2484 2731 2996 2804; x_wconf 83' lang='lat' dir='ltr'>dominationis</span> 
     </span>
     <span class='ocr_line' id='line_1_18' title="bbox 837 2847 2994 2949; baseline 0.001 -30"><span class='ocrx_word' id='word_1_108' title='bbox 837 2847 957 2945; x_wconf 85' lang='lat' dir='ltr'>jus</span> <span class='ocrx_word' id='word_1_109' title='bbox 996 2871 1157 2920; x_wconf 85' lang='lat' dir='ltr'>eam</span> <span class='ocrx_word' id='word_1_110' title='bbox 1198 2862 1672 2946; x_wconf 82' lang='lat' dir='ltr'>retorqueret,</span> <span class='ocrx_word' id='word_1_111' title='bbox 1714 2873 1884 2921; x_wconf 87' lang='lat' dir='ltr'>cum</span> <span class='ocrx_word' id='word_1_112' title='bbox 1919 2852 2093 2922; x_wconf 91' lang='lat' dir='ltr'>Otto</span> <span class='ocrx_word' id='word_1_113' title='bbox 2127 2849 2152 2886; x_wconf 83' lang='lat'>⁸</span> <span class='ocrx_word' id='word_1_114' title='bbox 2196 2870 2348 2921; x_wconf 90' lang='lat' dir='ltr'>non</span> <span class='ocrx_word' id='word_1_115' title='bbox 2375 2861 2556 2922; x_wconf 87' lang='lat' dir='ltr'>esset</span> <span class='ocrx_word' id='word_1_116' title='bbox 2577 2903 2598 2939; x_wconf 90' lang='lat'>,</span> <span class='ocrx_word' id='word_1_117' title='bbox 2638 2850 2994 2949; x_wconf 84' lang='lat' dir='ltr'>principes</span> 
     </span>
     <span class='ocr_line' id='line_1_19' title="bbox 842 2963 2996 3068; baseline 0.001 -33"><span class='ocrx_word' id='word_1_118' title='bbox 842 2963 1293 3056; x_wconf 83' lang='lat' dir='ltr'>dissiderent,</span> <span class='ocrx_word' id='word_1_119' title='bbox 1322 2967 1663 3068; x_wconf 82' lang='lat' dir='ltr'>regnique</span> <span class='ocrx_word' id='word_1_120' title='bbox 1688 2965 1994 3063; x_wconf 83' lang='lat' dir='ltr'>dignitas</span> <span class='ocrx_word' id='word_1_121' title='bbox 2029 2965 2234 3040; x_wconf 90' lang='lat' dir='ltr'>nullo</span> <span class='ocrx_word' id='word_1_122' title='bbox 2259 2967 2444 3064; x_wconf 86' lang='lat' dir='ltr'>regis</span> <span class='ocrx_word' id='word_1_123' title='bbox 2471 2964 2996 3038; x_wconf 77' lang='lat' dir='ltr'>administrare·</span> 
     </span>
     <span class='ocr_line' id='line_1_20' title="bbox 843 3082 1930 3182; baseline -0.001 -28"><span class='ocrx_word' id='word_1_124' title='bbox 843 3095 963 3154; x_wconf 83' lang='lat' dir='ltr'>tur</span> <span class='ocrx_word' id='word_1_125' title='bbox 986 3082 1317 3182; x_wconf 86' lang='lat' dir='ltr'>imperio.</span> <span class='ocrx_word' id='word_1_126' title='bbox 1592 3096 1596 3102; x_wconf 84' lang='lat'>&#39;</span> <span class='ocrx_word' id='word_1_127' title='bbox 1692 3082 1698 3088; x_wconf 70' lang='grc'><strong>“</strong></span> <span class='ocrx_word' id='word_1_128' title='bbox 1925 3133 1930 3140; x_wconf 83' lang='lat'><em>·</em></span> 
     </span>
    </p>

    <p class='ocr_par' dir='ltr' id='par_1_6' title="bbox 1807 3199 2121 3302">
     <span class='ocr_line' id='line_1_21' title="bbox 1807 3199 2121 3302; baseline 0 -76"><span class='ocrx_word' id='word_1_129' title='bbox 1807 3223 1812 3226; x_wconf 84' lang='lat'>.</span> <span class='ocrx_word' id='word_1_130' title='bbox 1891 3199 1952 3258; x_wconf 38' lang='lat' dir='ltr'>C·</span> <span class='ocrx_word' id='word_1_131' title='bbox 2113 3285 2121 3302; x_wconf 37' lang='grc'>’</span> 
     </span>
    </p>

    <p class='ocr_par' dir='ltr' id='par_1_7' title="bbox 846 3347 3003 3800">
     <span class='ocr_line' id='line_1_22' title="bbox 942 3347 3002 3446; baseline -0.001 -26"><span class='ocrx_word' id='word_1_132' title='bbox 942 3352 1189 3446; x_wconf 84' lang='lat' dir='ltr'>Itaque</span> <span class='ocrx_word' id='word_1_133' title='bbox 1224 3347 1563 3444; x_wconf 86' lang='lat' dir='ltr'>Odonem</span> <span class='ocrx_word' id='word_1_134' title='bbox 1616 3361 1834 3446; x_wconf 79' lang='lat' dir='ltr'>atque</span> <span class='ocrx_word' id='word_1_135' title='bbox 1885 3347 2318 3421; x_wconf 72' lang='lat' dir='ltr'>Hel-bertum</span> <span class='ocrx_word' id='word_1_136' title='bbox 2351 3349 2548 3421; x_wconf 74' lang='lat' dir='ltr'>viros</span> <span class='ocrx_word' id='word_1_137' title='bbox 2585 3348 2891 3420; x_wconf 60' lang='lat' dir='ltr'>illustros</span> <span class='ocrx_word' id='word_1_138' title='bbox 2929 3361 3002 3418; x_wconf 86' lang='lat' dir='ltr'>et</span> 
     </span>
     <span class='ocr_line' id='line_1_23' title="bbox 848 3465 2992 3565; baseline -0.002 -27"><span class='ocrx_word' id='word_1_139' title='bbox 848 3467 1172 3565; x_wconf 83' lang='lat' dir='ltr'>potentia</span> <span class='ocrx_word' id='word_1_140' title='bbox 1196 3465 1427 3538; x_wconf 75' lang='lat' dir='ltr'>claros</span> <span class='ocrx_word' id='word_1_141' title='bbox 1448 3465 1811 3538; x_wconf 80' lang='lat' dir='ltr'>advocans</span> <span class='ocrx_word' id='word_1_142' title='bbox 1830 3519 1850 3558; x_wconf 87' lang='lat'>,</span> <span class='ocrx_word' id='word_1_143' title='bbox 1891 3467 1994 3537; x_wconf 88' lang='lat' dir='ltr'>eis</span> <span class='ocrx_word' id='word_1_144' title='bbox 2034 3467 2144 3544; x_wconf 88' lang='lat' dir='ltr'>sui</span> <span class='ocrx_word' id='word_1_145' title='bbox 2177 3465 2327 3537; x_wconf 88' lang='lat' dir='ltr'>voti</span> <span class='ocrx_word' id='word_1_146' title='bbox 2363 3479 2714 3537; x_wconf 85' lang='lat' dir='ltr'>secretum</span> <span class='ocrx_word' id='word_1_147' title='bbox 2741 3465 2992 3563; x_wconf 85' lang='lat' dir='ltr'>aperit.</span> 
     </span>
     <span class='ocr_line' id='line_1_24' title="bbox 850 3580 3003 3683; baseline -0.001 -29"><span class='ocrx_word' id='word_1_148' title='bbox 850 3587 939 3655; x_wconf 88' lang='lat' dir='ltr'>Et</span> <span class='ocrx_word' id='word_1_149' title='bbox 986 3585 1155 3682; x_wconf 82' lang='lat' dir='ltr'>quia</span> <span class='ocrx_word' id='word_1_150' title='bbox 1200 3583 1421 3683; x_wconf 86' lang='lat' dir='ltr'>paulo</span> <span class='ocrx_word' id='word_1_151' title='bbox 1466 3599 1635 3656; x_wconf 87' lang='lat' dir='ltr'>ante</span> <span class='ocrx_word' id='word_1_152' title='bbox 1684 3604 1937 3655; x_wconf 87' lang='lat' dir='ltr'>eorum</span> <span class='ocrx_word' id='word_1_153' title='bbox 1971 3585 2252 3683; x_wconf 86' lang='lat' dir='ltr'>patrui,</span> <span class='ocrx_word' id='word_1_154' title='bbox 2295 3582 2565 3680; x_wconf 85' lang='lat' dir='ltr'>absque</span> <span class='ocrx_word' id='word_1_155' title='bbox 2612 3581 2852 3666; x_wconf 84' lang='lat' dir='ltr'>liberis</span> <span class='ocrx_word' id='word_1_156' title='bbox 2881 3580 3003 3653; x_wconf 87' lang='lat' dir='ltr'>de·</span> 
     </span>
     <span class='ocr_line' id='line_1_25' title="bbox 846 3695 2998 3800; baseline -0.002 -28"><span class='ocrx_word' id='word_1_157' title='bbox 846 3700 1103 3793; x_wconf 83' lang='lat' dir='ltr'>functi,</span> <span class='ocrx_word' id='word_1_158' title='bbox 1170 3711 1357 3773; x_wconf 83' lang='lat' dir='ltr'>terra</span> <span class='ocrx_word' id='word_1_159' title='bbox 1402 3701 1675 3800; x_wconf 89' lang='lat' dir='ltr'>optima</span> <span class='ocrx_word' id='word_1_160' title='bbox 1730 3717 1898 3773; x_wconf 85' lang='lat' dir='ltr'>cum</span> <span class='ocrx_word' id='word_1_161' title='bbox 1961 3699 2249 3800; x_wconf 90' lang='lat' dir='ltr'>oppidis</span> <span class='ocrx_word' id='word_1_162' title='bbox 2309 3697 2799 3771; x_wconf 88' lang='lat' dir='ltr'>munitissimis</span> <span class='ocrx_word' id='word_1_163' title='bbox 2835 3695 2998 3768; x_wconf 89' lang='lat' dir='ltr'>illos</span> 
     </span>
    </p>
   </div>
   <div class='ocr_carea' id='block_1_6' title="bbox 722 3815 3004 3926">
    <p class='ocr_par' dir='ltr' id='par_1_8' title="bbox 722 3815 3004 3926">
     <span class='ocr_line' id='line_1_26' title="bbox 722 3815 3004 3926; baseline -0.003 -36"><span class='ocrx_word' id='word_1_164' title='bbox 722 3865 729 3870; x_wconf 87' lang='lat'><em>·</em></span> <span class='ocrx_word' id='word_1_165' title='bbox 845 3815 1229 3890; x_wconf 87' lang='lat' dir='ltr'>liberaliter</span> <span class='ocrx_word' id='word_1_166' title='bbox 1276 3815 1670 3926; x_wconf 77' lang='lat' dir='ltr'>donaverat</span> <span class='ocrx_word' id='word_1_167' title='bbox 1692 3871 1711 3908; x_wconf 88' lang='lat'><strong><em>‚</em></strong></span> <span class='ocrx_word' id='word_1_168' title='bbox 1757 3815 1894 3917; x_wconf 93' lang='lat' dir='ltr'>ipsi</span> <span class='ocrx_word' id='word_1_169' title='bbox 1941 3843 2113 3889; x_wconf 85' lang='lat' dir='ltr'>mox</span> <span class='ocrx_word' id='word_1_170' title='bbox 2154 3816 2355 3889; x_wconf 90' lang='lat' dir='ltr'>domi</span> <span class='ocrx_word' id='word_1_171' title='bbox 2398 3816 2805 3914; x_wconf 83' lang='lat' dir='ltr'>militiaeque</span> <span class='ocrx_word' id='word_1_172' title='bbox 2851 3837 3004 3886; x_wconf 90' lang='lat' dir='ltr'>sese</span> 
     </span>
    </p>
   </div>
   <div class='ocr_carea' id='block_1_7' title="bbox 848 3939 3006 4040">
    <p class='ocr_par' dir='ltr' id='par_1_9' title="bbox 848 3939 3006 4040">
     <span class='ocr_line' id='line_1_27' title="bbox 848 3939 3006 4040; baseline -0.003 -27"><span class='ocrx_word' id='word_1_173' title='bbox 848 3941 1363 4040; x_wconf 68' lang='lat' dir='ltr'>paratissimos,</span> <span class='ocrx_word' id='word_1_174' title='bbox 1402 3939 1953 4038; x_wconf 89' lang='lat' dir='ltr'>responderunt.</span> <span class='ocrx_word' id='word_1_175' title='bbox 2038 3939 2316 4029; x_wconf 89' lang='lat' dir='ltr'>Quibus</span> <span class='ocrx_word' id='word_1_176' title='bbox 2375 3939 2776 4012; x_wconf 79' lang='lat' dir='ltr'>faventibus</span> <span class='ocrx_word' id='word_1_177' title='bbox 2837 3961 3006 4008; x_wconf 90' lang='lat' dir='ltr'>cum</span> 
     </span>
    </p>
   </div>
   <div class='ocr_carea' id='block_1_8' title="bbox 923 4144 1974 4370">
    <p class='ocr_par' dir='ltr' id='par_1_10' title="bbox 923 4144 1974 4370">
     <span class='ocr_line' id='line_1_28' title="bbox 923 4144 1974 4215; baseline -0.003 -17"><span class='ocrx_word' id='word_1_178' title='bbox 923 4147 940 4178; x_wconf 85' lang='lat'><strong>¹</strong></span> <span class='ocrx_word' id='word_1_179' title='bbox 979 4158 1030 4198; x_wconf 88' lang='lat' dir='ltr'>et</span> <span class='ocrx_word' id='word_1_180' title='bbox 1060 4145 1293 4197; x_wconf 71' lang='lat' dir='ltr'>venienti</span> <span class='ocrx_word' id='word_1_181' title='bbox 1320 4144 1726 4198; x_wconf 58' lang='lat' dir='ltr'>exercitaio-err.</span> <span class='ocrx_word' id='word_1_182' title='bbox 1749 4144 1974 4215; x_wconf 64' lang='lat' dir='ltr'>sibique.</span> 
     </span>
     <span class='ocr_line' id='line_1_29' title="bbox 924 4219 1888 4302; baseline -0.002 -19"><span class='ocrx_word' id='word_1_183' title='bbox 924 4232 947 4263; x_wconf 76' lang='lat'>²</span> <span class='ocrx_word' id='word_1_184' title='bbox 983 4231 1191 4302; x_wconf 80' lang='lat' dir='ltr'>Belgica</span> <span class='ocrx_word' id='word_1_185' title='bbox 1218 4241 1375 4300; x_wconf 80' lang='lat' dir='ltr'>atque</span> <span class='ocrx_word' id='word_1_186' title='bbox 1396 4230 1467 4282; x_wconf 89' lang='lat' dir='ltr'>G.</span> <span class='ocrx_word' id='word_1_187' title='bbox 1496 4227 1675 4282; x_wconf 73' lang='lat' dir='ltr'>deleta.</span> <span class='ocrx_word' id='word_1_188' title='bbox 1885 4219 1888 4226; x_wconf 47' lang='lat'>¹</span> 
     </span>
     <span class='ocr_line' id='line_1_30' title="bbox 926 4315 1440 4370; baseline 0 -2"><span class='ocrx_word' id='word_1_189' title='bbox 926 4317 949 4348; x_wconf 73' lang='lat'>³</span> <span class='ocrx_word' id='word_1_190' title='bbox 984 4335 1037 4368; x_wconf 91' lang='lat' dir='ltr'>o.</span> <span class='ocrx_word' id='word_1_191' title='bbox 1066 4315 1229 4370; x_wconf 71' lang='lat' dir='ltr'>hostis</span> <span class='ocrx_word' id='word_1_192' title='bbox 1256 4315 1440 4368; x_wconf 69' lang='lat' dir='ltr'>deleta.</span> 
     </span>
    </p>
   </div>
  </div>
 </body>
</html>
