3459 5375
866 485 990 544 200
1575 481 1909 544 mcnmu
1944 482 2095 552 Lm.
2142 483 2250 544 lv.

871 641 908 684 κ
947 617 1240 686 Incauto
1277 613 1492 684 nimis
1548 611 2099 712 metropolitano
2115 665 2139 701 ,
2202 613 2683 713 praejuditium
2738 617 2999 692 factum

873 759 911 799 κ
949 755 1290 821 asseram3
1341 745 1412 802 et
1443 729 1648 828 quod
1691 731 1975 828 penitus
2020 729 2162 802 hoc
2204 732 2835 831 metropolitanum
2874 761 3001 830 pe-

871 877 909 916 «
951 849 1200 937 niteat,
1245 846 1605 919 nonnullis
1651 845 2317 945 amplificationibus
2360 849 2801 922 asseverabo.
2861 855 3004 924 Rex

876 991 913 1032 «
953 979 1199 1064 suapte
1239 963 1415 1036 mihi
1452 963 1785 1035 credulus
1807 1017 1826 1053 ,
1868 963 2011 1034 hoc
2052 965 2524 1061 gratissimum
2553 968 2875 1066 accipiet.
2918 973 3005 1040 Et

875 1111 912 1150 α
953 1082 1123 1178 quia
1163 1081 1314 1154 haec
1369 1081 1550 1152 ratio
1601 1080 1960 1176 utrimque
1998 1080 2394 1177 agitabitur,
2435 1082 2582 1154 duo
2622 1085 3005 1160 commoda

875 1226 912 1276 «ς
953 1199 1352 1294 gignentur.
1377 1200 1482 1268 Ex
1515 1195 1773 1294 quibus
1812 1193 2095 1267 duobus
2130 1199 2415 1271 tertium
2444 1198 2789 1272 elucebit:
2825 1204 3005 1271 Nam

876 1341 913 1394 ις
955 1337 1123 1384 cum
1167 1327 1238 1384 et
1275 1311 1478 1384 vobis
1515 1312 1737 1410 gratia
1772 1337 2021 1409 regum
2034 1367 2052 1404 ,
2085 1328 2157 1385 et
2180 1313 2352 1384 mihi
2374 1315 2617 1386 Karoli
2636 1315 2999 1403 reddetur,

875 1459 912 1498 α
953 1453 1084 1528 per
1117 1452 1254 1500 nos
1280 1443 1799 1527 consequenter
1828 1429 2131 1500 aliorum
2151 1429 2413 1502 utilitas
2446 1431 2996 1530 comparabitur.

880 1573 918 1613 α
957 1545 1098 1616 Sed
1129 1545 1246 1616 hic
1273 1546 1425 1640 jam
1448 1544 1837 1616 verborum
1882 1544 2079 1636 finis3
2130 1546 2281 1642 jam
2328 1571 2521 1618 nunc
2572 1546 2760 1619 dicta
2808 1549 3007 1621 factis

878 1692 914 1730 «
955 1660 1376 1762 probentur.
1418 1691 1454 1730 »
1521 1663 1861 1760 Datisque
1929 1663 2227 1736 strictim
2286 1663 2547 1736 osculis
2572 1716 2594 1756 ‚
2666 1667 3013 1765 promissa

875 1777 1175 1878 polliciti
1209 1777 1302 1852 ab
1327 1804 1403 1852 se
1438 1779 1734 1878 digressi
1759 1795 1926 1851 sunt
1954 1780 1972 1816 ¹
1993 1835 2009 1850 .

943 1983 1151 2051 XLIII.
1169 2013 1244 2025 -—
1257 1983 1508 2038 Amulfus
1522 1983 1554 2020 ⁴¹⁸
1578 2003 1676 2056 per
1697 1983 2052 2054 ignorantiam
2064 1983 2099 2019 θ
2127 1983 2387 2038 Karolum
2406 1997 2655 2056 patruum
2671 1985 2703 2020 '¹'
2726 1983 2947 2039 seducit.

977 2147 1310 2220 Amulfus
1341 2147 1688 2220 Karolum
1723 2163 2009 2246 petens,
2056 2147 2579 2222 Adalberonem
2616 2149 3017 2248 magnificat

879 2259 1338 2357 deceptorem
1371 2259 1694 2331 nesciens
1708 2311 1729 2348 ,
1765 2258 1973 2330 valde
2002 2259 2217 2332 etiam
2244 2259 2699 2358 profuturum
2740 2263 3009 2352 asserit,

878 2373 1240 2472 fidemque
1274 2390 1718 2447 servaturum
1756 2389 2070 2447 testatur.
2102 2374 2418 2448 Tandem
2438 2377 2516 2447 in
2554 2401 2643 2448 eo
2675 2377 2777 2448 nil
2811 2378 3017 2451 dubi-

878 2491 1184 2564 tandum
1235 2490 1571 2564 seductus
1623 2491 2027 2590 persuadet.
2084 2491 2387 2564 Karolus
2434 2494 2680 2592 nepoti
2722 2494 2964 2568 favens
2988 2551 3009 2586 ,

881 2632 1033 2682 sese
1066 2607 1144 2680 id
1177 2608 1530 2680 facturum
1555 2607 1867 2708 spondet
1880 2664 1899 2700 ,
1930 2607 2420 2710 episcopatum
2444 2611 2547 2682 sic
2570 2610 3018 2685 redditurum

882 2751 1032 2799 non
1071 2724 1348 2809 abnuit.⁴
1388 2731 1580 2798 Dum
1617 2726 1769 2799 haec
1804 2729 1998 2827 apud
2034 2727 2377 2800 Karolum
2403 2728 2709 2802 fideliter
2739 2731 3025 2805 ordina-

883 2844 1170 2935 bantur,
1231 2843 1584 2917 Adalbero
1640 2842 1835 2942 apud
1881 2868 2123 2941 regem
2168 2844 2259 2916 de
2308 2842 2574 2917 Karolo
2619 2862 2691 2918 et
2737 2834 3032 2921 Arnulfo

883 2958 1223 3059 urbisque
1244 2962 1574 3060 captione
1607 2958 1989 3057 quaerebat.
2023 2964 2112 3032 Et
2149 2986 2317 3032 cum
2346 2977 2589 3034 tecnas
2632 2964 3033 3062 superiores

884 3076 1282 3166 effunderet
1311 3076 1338 3115 ²
1351 3133 1370 3170 ,
1413 3076 1785 3177 gratulatio
1829 3077 1998 3149 inde
2040 3103 2342 3177 spesque
2384 3073 2581 3150 urbis
2624 3079 3027 3180 repetendae

884 3220 1032 3267 non
1075 3193 1362 3267 modica
1393 3208 1566 3267 erat.
1603 3196 1749 3267 Nec
1775 3193 2002 3266 multo
2029 3209 2193 3293 post
2225 3193 2553 3266 Arnulfus
2596 3194 3021 3267 Adalberoni

883 3304 1150 3417 legatos
1187 3318 1455 3417 dirigit,
1501 3315 1739 3389 Karoli
1778 3317 2073 3415 gratiam
2107 3316 2240 3389 sibi
2266 3316 2613 3389 indultam
2642 3317 3021 3391 liberaliter

885 3440 1152 3513 indicat
1166 3494 1187 3531 ,
1235 3454 1450 3541 atque
1494 3464 1660 3511 cum
1681 3438 1913 3522 ‚multa
1960 3437 2347 3510 ambitione
2392 3439 2891 3539 excipiendum
2939 3441 3015 3511 in

883 3554 1140 3629 urbem
1153 3610 1174 3647 ,
1227 3556 1584 3629 honorem
1633 3579 1924 3653 quoque
1962 3552 2229 3651 absque
2282 3578 2487 3627 mora
2535 3570 3009 3655 recepturum.

889 3673 1097 3747 Unde
1119 3696 1258 3747 nec
1281 3692 1520 3750 moras
1547 3672 1807 3745 faceret
1820 3726 1839 3763 ,
1871 3672 2001 3745 sed
2024 3673 2435 3769 quantotius
2458 3672 2856 3765 adveniret,
2888 3674 3024 3747 lar-

891 3791 1180 3888 gitatem-
1199 3790 1588 3889 pollicitam
1613 3806 2053 3889 experturus.

959 4054 992 4087 ¹¹
1023 4022 1273 4106 Amulffls
1292 4091 1308 4117 ,
1333 4068 1459 4117 ran,
1483 4070 1555 4122 pa
1575 4051 1783 4102 abscisa.

967 4138 984 4169 ⁸
1019 4137 1376 4189 absooeoemnt
1393 4136 1722 4207 supraposito
1744 4134 1813 4187 ab
1834 4152 1889 4189 se
1910 4133 2123 4204 digressi
2144 4146 2265 4187 sunt
2280 4132 2459 4187 codes.

959 4222 984 4252 ⁸
1017 4220 1243 4293 aperiret
1264 4238 1412 4293 supra
1423 4221 1593 4304 posito
1614 4217 1926 4293 effunderet.
1958 4217 2130 4270 coda.
