3459 5375
981 586 1103 647 292
1700 586 2034 656 Rlanm
2077 586 2224 649 LIB.
2275 588 2376 647 lv.

980 718 1211 792 tinuit.
1254 722 1517 790 Contra
1546 742 1731 817 quos
1755 722 1966 792 etiam
1987 719 2368 793 Gerber'tus
2388 776 2408 811 ‚
2443 724 2824 794 Remorum
2845 738 3106 795 metro-

978 834 1333 933 politanus
1349 888 1369 923 ,
1426 835 1549 931 qui
1594 834 1786 906 solus
1834 859 1919 906 ex
1961 836 2346 909 Galliarum
2379 838 2727 938 episcopis
2750 893 2769 928 ,
2828 839 3104 936 regibus

976 952 1191 1022 etiam
1233 950 1808 1023 interdicentibus
1831 1010 1850 1041 ,
1908 950 2319 1045 advenerat,
2359 979 2492 1053 pro
2528 979 2606 1025 se
2638 979 3106 1055 responsurus

974 1085 1063 1139 ex
1110 1069 1407 1150 adverso
1452 1066 1731 1140 resedit.
1784 1068 2275 1141 Consederunt
2327 1094 2616 1167 quoque
2663 1070 3098 1143 diversorum

972 1182 1297 1257 locorum
1334 1181 1621 1258 abbates
1640 1238 1659 1273 ‚
1703 1206 1786 1255 ac
1821 1182 2055 1255 clerici
2089 1186 2439 1257 nonnulli.
2479 1186 2688 1257 Laici
2705 1186 2918 1259 etiam
2957 1190 3100 1258 Go-

974 1298 1287 1370 defridus
1334 1323 1575 1371 comes
1622 1324 1792 1369 cum
1851 1298 2133 1371 duobus
2185 1298 2343 1373 filiis
2391 1302 2534 1373 suis
2553 1355 2573 1392 ,
2625 1316 2836 1400 atque
2891 1306 3102 1401 Rage·

975 1447 1186 1494 nei-us
1220 1423 1668 1494 Remensium
1704 1423 2218 1495 vicedominus.

972 1640 1035 1693 C.
1063 1670 1139 1683 —
1160 1640 1514 1694 prolocutio*
1550 1636 1824 1695 Haimonis
1851 1638 2194 1697 virdunensis
2209 1640 2242 1675 *
2263 1638 2496 1711 episcopi
2523 1636 2591 1692 de
2615 1656 2770 1692 eausa
2793 1642 2826 1675 ¹
2849 1638 3024 1693 sinoffl
3037 1642 3092 1693 ⁴¹.

1069 1820 1345 1909 Quibus
1396 1822 1947 1917 circumquaque
1985 1819 2350 1892 silentibus
2365 1872 2386 1908 ,
2437 1820 2811 1917 episcopus
2848 1818 3104 1891 Virdu·

972 1938 1235 2027 nensis,
1263 1962 1351 2009 eo
1372 1936 1571 2035 quod
1590 1937 1906 2034 linguam
1925 1936 2265 2009 Gallicam
2287 1951 2495 2007 norat
2508 1989 2528 2025 ,
2561 1960 2845 2008 causam
2866 1936 3100 2008 sinodi

971 2052 1373 2153 prolaturus
1398 2056 1733 2125 surrexit:
1767 2082 1803 2121 «
1824 2053 2215 2142 Quoniam,
2253 2080 2287 2119 n
2307 2053 2660 2150 inquienS,
2696 2082 2731 2121 ι(
2765 2051 2860 2123 ad
2894 2076 3100 2123 aures

978 2197 1015 2235 «
1058 2167 1307 2239 domni
1341 2192 1542 2266 papae
1574 2168 1937 2267 sepissime
1973 2166 2320 2267 perlatum
2354 2182 2497 2255 est,
2531 2168 2913 2237 Remorum
2949 2190 3100 2237 me-

978 2312 1015 2351 «
1058 2284 1395 2381 tropolim
1416 2306 1810 2381 pervasam,
1844 2298 1938 2373 et,
1963 2297 2217 2381 praeter
2234 2282 2350 2379 jus
2371 2296 2442 2353 et
2463 2306 2770 2379 aequum,
2805 2281 3099 2381 proprio

978 2430 1014 2467 «
1056 2414 1340 2499 pastore
1395 2400 1832 2490 frustratam,
1887 2424 2038 2471 non
2085 2400 2302 2471 semel
2365 2413 2436 2470 et
2489 2397 2598 2470 bis
2652 2398 2899 2470 litteris
2947 2424 3101 2495 sug·

978 2546 1015 2586 a
1058 2517 1303 2615 gessit,
1337 2518 1669 2615 quatinus
1702 2514 1912 2588 nobis
1946 2518 2021 2587 in
2055 2540 2284 2588 unum
2317 2515 2664 2605 collectis,
2695 2529 2972 2587 tantum
3009 2514 3101 2585 fa-

980 2660 1020 2702 «
1058 2634 1261 2706 cinus
1287 2633 1474 2730 justa
1508 2632 1711 2706 lance
1737 2634 2095 2732 utrimque
2130 2655 2587 2732 pensaremus
2605 2683 2624 2720 ,
2665 2645 2736 2703 et
2778 2654 2907 2702 sua
2940 2654 3099 2703 auc-

978 2778 1015 2818 «
1055 2751 1336 2823 toritate
1356 2774 1485 2848 per
1510 2774 1643 2821 nos
1677 2765 2078 2822 correctum
2101 2749 2194 2821 ad
2217 2772 2547 2820 normam
2573 2748 3092 2820 reduceremus,

979 2897 1014 2932 a
1058 2865 1199 2938 Sed
1225 2862 1566 2964 quoniam
1600 2861 2029 2965 impediente
2063 2890 2302 2937 rerum
2339 2865 2738 2936 diversitate
2770 2863 2840 2935 id
2877 2863 3099 2936 facere

978 3009 1015 3049 u
1058 2979 1455 3053 distulimus
1472 3033 1493 3072 ,
1550 3004 1745 3053 nunc
1785 2995 1948 3080 post
1994 2995 2101 3052 tot
2149 2979 2697 3050 ammonitiones
2751 2976 3098 3050 domnum

978 3125 1017 3166 κ
1054 3097 1251 3170 hunc
1276 3096 1606 3170 abbatem
1637 3101 1952 3170 Leonem
1985 3112 2058 3168 et
2090 3095 2524 3168 monachum
2549 3096 2826 3168 mittere
2847 3094 3092 3184 voluit,

978 3249 1016 3286 ιι
1058 3221 1180 3316 qui
1214 3219 1403 3292 vices
1428 3243 1588 3290 suas
1616 3233 1885 3309 teneat,
1914 3233 1987 3290 et
2010 3243 2164 3290 rem
2189 3230 2658 3289 memoratam
2683 3215 2894 3287 nobis
2913 3215 3099 3287 oboe-

978 3365 1015 3404 «
1057 3327 1411 3409 dienn'bus
1454 3336 1816 3408 discuciat.
1873 3341 2009 3407 Per
2049 3359 2266 3432 quem
2311 3334 2525 3406 etiam
2575 3333 2918 3431 scriptum
2961 3355 3097 3404 suae

978 3483 1015 3520 α
1055 3452 1435 3552 voluntatis
1486 3453 1809 3549 allegavit
1822 3506 1841 3542 ,
1895 3465 1977 3522 ut
2023 3453 2082 3522 si
2129 3448 2304 3548 quid
2371 3448 2636 3521 oblivio
2685 3447 3086 3545 derogaret,

978 3599 1016 3637 α
1058 3569 1319 3667 scripto
1364 3569 1946 3642 commendatum
1997 3567 2400 3639 haberetur.
2459 3564 2677 3652 Quod
2727 3579 2798 3636 et
2854 3567 3094 3663 inprae-

976 3715 1013 3753 «
1056 3686 1438 3758 sentiarum
1473 3685 1719 3758 audire
1753 3684 1924 3757 utile
1951 3698 2075 3756 est.
2117 3712 2156 3751 »
2181 3687 2270 3754 Et
2297 3681 2528 3753 statim
2565 3679 2861 3780 protulit
2893 3681 3092 3778 scrip·

969 3817 1123 3874 tum
1146 3857 1165 3892 ,
1198 3817 1408 3900 atque
1433 3804 1507 3875 in
1543 3828 1749 3876 aures
1775 3800 2296 3875 considentium
2327 3798 2643 3871 recitavit
2661 3853 2678 3887 ,
2712 3796 2910 3894 quod
2936 3800 3091 3896 quia

967 3918 1291 3991 brevitati
1326 3919 1714 4004 studemuS,
1746 3934 1818 3991 et
1849 3917 2059 3990 nobis
2087 3919 2321 3990 minus
2351 3915 2480 3988 fuit
2510 3912 3048 3989 accommodum
3065 3969 3084 4002 ,

968 4035 1223 4108 nostris
1249 4036 1523 4132 scriptis
1557 4037 1866 4108 inserere
1892 4035 2288 4106 vitavimus.

1034 4315 1066 4348 ³
1102 4315 1175 4366 tio
1198 4354 1212 4378 ,
1247 4313 1319 4366 du
1338 4353 1353 4379 ,
1380 4333 1408 4365 c
1424 4355 1437 4379 ,
1466 4313 1521 4367 di
1546 4313 1755 4366 abscisa.
1785 4317 1898 4382 (Sic
1921 4317 2120 4380 Pet-ez.)
