<?xml version="1.0" encoding="UTF-8"?>
<!DOCTYPE html PUBLIC "-//W3C//DTD XHTML 1.0 Transitional//EN"
    "http://www.w3.org/TR/xhtml1/DTD/xhtml1-transitional.dtd">
<html xmlns="http://www.w3.org/1999/xhtml" xml:lang="en" lang="en">
 <head>
  <title>
</title>
<meta http-equiv="Content-Type" content="text/html;charset=utf-8" />
  <meta name='ocr-system' content='tesseract 3.04.00' />
  <meta name='ocr-capabilities' content='ocr_page ocr_carea ocr_par ocr_line ocrx_word'/>
</head>
<body>
  <div class='ocr_page' id='page_1' title='image "./richerhistoired03parigoog_0168.png"; bbox 0 0 3459 5375; ppageno 0'>
   <div class='ocr_carea' id='block_1_1' title="bbox 872 538 2282 611">
    <p class='ocr_par' dir='ltr' id='par_1_1' title="bbox 872 538 2282 611">
     <span class='ocr_line' id='line_1_1' title="bbox 872 538 2282 611; baseline -0.003 -11"><span class='ocrx_word' id='word_1_1' title='bbox 872 543 991 601; x_wconf 76' lang='lat'><strong>156</strong></span> <span class='ocrx_word' id='word_1_2' title='bbox 1592 538 1924 611; x_wconf 70' lang='lat' dir='ltr'>RICHERI</span> <span class='ocrx_word' id='word_1_3' title='bbox 1972 538 2120 599; x_wconf 90' lang='lat' dir='ltr'><strong>LIB.</strong></span> <span class='ocrx_word' id='word_1_4' title='bbox 2174 540 2282 597; x_wconf 81' lang='lat' dir='ltr'><strong>lv.</strong></span> 
     </span>
    </p>
   </div>
   <div class='ocr_carea' id='block_1_2' title="bbox 862 664 3012 1589">
    <p class='ocr_par' dir='ltr' id='par_1_2' title="bbox 862 664 3012 1589">
     <span class='ocr_line' id='line_1_2' title="bbox 862 664 3012 767; baseline 0.002 -33"><span class='ocrx_word' id='word_1_5' title='bbox 862 696 901 735; x_wconf 89' lang='lat'>«</span> <span class='ocrx_word' id='word_1_6' title='bbox 946 680 1023 737; x_wconf 90' lang='lat' dir='ltr'><strong>ut</strong></span> <span class='ocrx_word' id='word_1_7' title='bbox 1043 664 1524 767; x_wconf 86' lang='lat' dir='ltr'><strong>unusquisque</strong></span> <span class='ocrx_word' id='word_1_8' title='bbox 1549 665 1748 762; x_wconf 91' lang='lat' dir='ltr'><strong>quod</strong></span> <span class='ocrx_word' id='word_1_9' title='bbox 1774 665 2142 763; x_wconf 88' lang='lat' dir='ltr'><strong>singularis</strong></span> <span class='ocrx_word' id='word_1_10' title='bbox 2163 691 2206 737; x_wconf 89' lang='lat' dir='ltr'><strong>a</strong></span> <span class='ocrx_word' id='word_1_11' title='bbox 2230 671 2385 737; x_wconf 90' lang='lat' dir='ltr'><strong>Deo</strong></span> <span class='ocrx_word' id='word_1_12' title='bbox 2413 665 2663 739; x_wconf 79' lang='lat' dir='ltr'><strong>datum</strong></span> <span class='ocrx_word' id='word_1_13' title='bbox 2684 666 3012 755; x_wconf 74' lang='lat' dir='ltr'><strong>haberet,</strong></span> 
     </span>
     <span class='ocr_line' id='line_1_3' title="bbox 864 782 3006 883; baseline 0.002 -33"><span class='ocrx_word' id='word_1_14' title='bbox 864 813 902 850; x_wconf 89' lang='lat'>«</span> <span class='ocrx_word' id='word_1_15' title='bbox 944 783 1061 853; x_wconf 90' lang='lat' dir='ltr'><strong>hic</strong></span> <span class='ocrx_word' id='word_1_16' title='bbox 1118 806 1363 853; x_wconf 89' lang='lat' dir='ltr'><strong>coram</strong></span> <span class='ocrx_word' id='word_1_17' title='bbox 1424 782 1803 854; x_wconf 88' lang='lat' dir='ltr'><strong>consulens</strong></span> <span class='ocrx_word' id='word_1_18' title='bbox 1850 799 2016 882; x_wconf 90' lang='lat' dir='ltr'><strong>post</strong></span> <span class='ocrx_word' id='word_1_19' title='bbox 2072 782 2507 876; x_wconf 81' lang='lat' dir='ltr'><strong>effunderet3</strong></span> <span class='ocrx_word' id='word_1_20' title='bbox 2567 798 2648 856; x_wconf 88' lang='lat' dir='ltr'><strong>ut</strong></span> <span class='ocrx_word' id='word_1_21' title='bbox 2695 784 3006 883; x_wconf 85' lang='lat' dir='ltr'><strong>collectis</strong></span> 
     </span>
     <span class='ocr_line' id='line_1_4' title="bbox 866 899 3003 997; baseline 0.001 -28"><span class='ocrx_word' id='word_1_22' title='bbox 866 930 901 969; x_wconf 88' lang='lat'>«</span> <span class='ocrx_word' id='word_1_23' title='bbox 945 899 1389 997; x_wconf 87' lang='lat' dir='ltr'><strong>singulorum</strong></span> <span class='ocrx_word' id='word_1_24' title='bbox 1448 901 1811 973; x_wconf 81' lang='lat' dir='ltr'><strong>sententiis</strong></span> <span class='ocrx_word' id='word_1_25' title='bbox 1829 956 1848 991; x_wconf 90' lang='lat'><strong>,</strong></span> <span class='ocrx_word' id='word_1_26' title='bbox 1917 926 2196 995; x_wconf 74' lang='lat' dir='ltr'><strong>summa</strong></span> <span class='ocrx_word' id='word_1_27' title='bbox 2255 902 2473 973; x_wconf 89' lang='lat' dir='ltr'><strong>totius</strong></span> <span class='ocrx_word' id='word_1_28' title='bbox 2535 901 2857 994; x_wconf 86' lang='lat' dir='ltr'><strong>consilii,</strong></span> <span class='ocrx_word' id='word_1_29' title='bbox 2915 926 3003 972; x_wconf 83' lang='lat' dir='ltr'><strong>ex</strong></span> 
     </span>
     <span class='ocr_line' id='line_1_5' title="bbox 867 1016 3004 1115; baseline 0.001 -30"><span class='ocrx_word' id='word_1_30' title='bbox 867 1048 903 1085; x_wconf 89' lang='lat'>«</span> <span class='ocrx_word' id='word_1_31' title='bbox 944 1016 1415 1090; x_wconf 85' lang='lat' dir='ltr'>multitudinis</span> <span class='ocrx_word' id='word_1_32' title='bbox 1448 1042 1676 1089; x_wconf 85' lang='lat' dir='ltr'><strong>massa</strong></span> <span class='ocrx_word' id='word_1_33' title='bbox 1711 1017 2249 1091; x_wconf 81' lang='lat' dir='ltr'><strong>deformaretur.</strong></span> <span class='ocrx_word' id='word_1_34' title='bbox 2295 1018 2624 1089; x_wconf 89' lang='lat' dir='ltr'><strong>Reductis</strong></span> <span class='ocrx_word' id='word_1_35' title='bbox 2658 1042 2836 1115; x_wconf 88' lang='lat' dir='ltr'><strong>ergo·</strong></span> <span class='ocrx_word' id='word_1_36' title='bbox 2857 1018 3004 1113; x_wconf 88' lang='lat' dir='ltr'><strong>jam</strong></span> 
     </span>
     <span class='ocr_line' id='line_1_6' title="bbox 868 1132 3000 1234; baseline 0.001 -32"><span class='ocrx_word' id='word_1_37' title='bbox 868 1164 904 1202; x_wconf 91' lang='lat'>«</span> <span class='ocrx_word' id='word_1_38' title='bbox 946 1132 1140 1206; x_wconf 88' lang='lat' dir='ltr'><strong>nunc</strong></span> <span class='ocrx_word' id='word_1_39' title='bbox 1174 1133 1384 1205; x_wconf 85' lang='lat' dir='ltr'><strong>nobis</strong></span> <span class='ocrx_word' id='word_1_40' title='bbox 1418 1134 1493 1204; x_wconf 92' lang='lat' dir='ltr'><strong>in</strong></span> <span class='ocrx_word' id='word_1_41' title='bbox 1522 1158 1750 1205; x_wconf 89' lang='lat' dir='ltr'><strong>unum</strong></span> <span class='ocrx_word' id='word_1_42' title='bbox 1774 1188 1792 1225; x_wconf 93' lang='lat'><strong>,</strong></span> <span class='ocrx_word' id='word_1_43' title='bbox 1834 1134 2058 1207; x_wconf 74' lang='lat' dir='ltr'><strong>mult‘a</strong></span> <span class='ocrx_word' id='word_1_44' title='bbox 2099 1134 2476 1234; x_wconf 88' lang='lat' dir='ltr'><strong>prudentia</strong></span> <span class='ocrx_word' id='word_1_45' title='bbox 2496 1189 2515 1225; x_wconf 93' lang='lat'><strong>,</strong></span> <span class='ocrx_word' id='word_1_46' title='bbox 2569 1134 2792 1205; x_wconf 91' lang='lat' dir='ltr'><strong>multa</strong></span> <span class='ocrx_word' id='word_1_47' title='bbox 2817 1132 3000 1223; x_wconf 89' lang='lat' dir='ltr'><strong>fide,</strong></span> 
     </span>
     <span class='ocr_line' id='line_1_7' title="bbox 868 1246 3008 1350; baseline 0.002 -34"><span class='ocrx_word' id='word_1_48' title='bbox 868 1280 905 1317; x_wconf 86' lang='lat'>«</span> <span class='ocrx_word' id='word_1_49' title='bbox 946 1250 1337 1321; x_wconf 78' lang='lat' dir='ltr'><strong>videndum</strong></span> <span class='ocrx_word' id='word_1_50' title='bbox 1366 1265 1473 1323; x_wconf 89' lang='lat' dir='ltr'><strong>est</strong></span> <span class='ocrx_word' id='word_1_51' title='bbox 1489 1246 1519 1340; x_wconf 56' lang='lat'><strong>‚&#39;</strong></span> <span class='ocrx_word' id='word_1_52' title='bbox 1543 1276 1635 1322; x_wconf 92' lang='lat' dir='ltr'><strong>ne</strong></span> <span class='ocrx_word' id='word_1_53' title='bbox 1672 1266 1796 1323; x_wconf 89' lang='lat' dir='ltr'><strong>aut</strong></span> <span class='ocrx_word' id='word_1_54' title='bbox 1832 1250 2082 1323; x_wconf 92' lang='lat' dir='ltr'><strong>odium</strong></span> <span class='ocrx_word' id='word_1_55' title='bbox 2119 1252 2470 1324; x_wconf 87' lang='lat' dir='ltr'><strong>rationem</strong></span> <span class='ocrx_word' id='word_1_56' title='bbox 2511 1250 2803 1350; x_wconf 79' lang='lat' dir='ltr'><strong>dissipet</strong></span> <span class='ocrx_word' id='word_1_57' title='bbox 2824 1306 2843 1342; x_wconf 92' lang='lat'><strong>,</strong></span> <span class='ocrx_word' id='word_1_58' title='bbox 2886 1264 3008 1321; x_wconf 89' lang='lat' dir='ltr'><strong>aut</strong></span> 
     </span>
     <span class='ocr_line' id='line_1_8' title="bbox 869 1373 3008 1471; baseline 0.002 -31"><span class='ocrx_word' id='word_1_59' title='bbox 869 1405 921 1465; x_wconf 83' lang='lat'><strong>“.</strong></span> <span class='ocrx_word' id='word_1_60' title='bbox 948 1399 1152 1444; x_wconf 90' lang='lat' dir='ltr'><strong>amor</strong></span> <span class='ocrx_word' id='word_1_61' title='bbox 1198 1374 1565 1465; x_wconf 78' lang='lat' dir='ltr'><strong>veritatem</strong></span> <span class='ocrx_word' id='word_1_62' title='bbox 1622 1390 1934 1447; x_wconf 83' lang='lat' dir='ltr'><strong>enervet.</strong></span> <span class='ocrx_word' id='word_1_63' title='bbox 1996 1379 2154 1447; x_wconf 91' lang='lat' dir='ltr'><strong>Non</strong></span> <span class='ocrx_word' id='word_1_64' title='bbox 2212 1376 2622 1471; x_wconf 84' lang='lat' dir='ltr'><strong>ignoramus</strong></span> <span class='ocrx_word' id='word_1_65' title='bbox 2667 1373 3008 1445; x_wconf 89' lang='lat' dir='ltr'><strong>Karolum</strong></span> 
     </span>
     <span class='ocr_line' id='line_1_9' title="bbox 872 1488 3011 1589; baseline 0.002 -32"><span class='ocrx_word' id='word_1_66' title='bbox 872 1522 907 1558; x_wconf 78' lang='grc' dir='ltr'>α</span> <span class='ocrx_word' id='word_1_67' title='bbox 950 1490 1261 1561; x_wconf 85' lang='lat' dir='ltr'><strong>fautores</strong></span> <span class='ocrx_word' id='word_1_68' title='bbox 1322 1515 1489 1561; x_wconf 91' lang='lat' dir='ltr'><strong>suos</strong></span> <span class='ocrx_word' id='word_1_69' title='bbox 1538 1488 1840 1582; x_wconf 87' lang='lat' dir='ltr'><strong>habere,</strong></span> <span class='ocrx_word' id='word_1_70' title='bbox 1902 1492 2028 1588; x_wconf 92' lang='lat' dir='ltr'><strong>qui</strong></span> <span class='ocrx_word' id='word_1_71' title='bbox 2075 1515 2244 1563; x_wconf 89' lang='lat' dir='ltr'><strong>eum</strong></span> <span class='ocrx_word' id='word_1_72' title='bbox 2289 1491 2590 1589; x_wconf 87' lang='lat' dir='ltr'><strong>dignum</strong></span> <span class='ocrx_word' id='word_1_73' title='bbox 2625 1516 2863 1589; x_wconf 84' lang='lat' dir='ltr'><strong>-regno</strong></span> <span class='ocrx_word' id='word_1_74' title='bbox 2925 1515 3011 1563; x_wconf 85' lang='lat' dir='ltr'><strong>ex</strong></span> 
     </span>
    </p>
   </div>
   <div class='ocr_carea' id='block_1_3' title="bbox 871 1606 3029 4396">
    <p class='ocr_par' dir='ltr' id='par_1_3' title="bbox 871 1606 3029 4396">
     <span class='ocr_line' id='line_1_10' title="bbox 871 1606 3012 1713; baseline 0.002 -30"><span class='ocrx_word' id='word_1_75' title='bbox 871 1644 905 1683; x_wconf 86' lang='lat'>«</span> <span class='ocrx_word' id='word_1_76' title='bbox 951 1628 1330 1713; x_wconf 85' lang='lat' dir='ltr'><strong>parentum</strong></span> <span class='ocrx_word' id='word_1_77' title='bbox 1364 1606 1746 1701; x_wconf 77' lang='lat' dir='ltr'><strong>collatione</strong></span> <span class='ocrx_word' id='word_1_78' title='bbox 1786 1614 2250 1687; x_wconf 85' lang='lat' dir='ltr'><strong>contendant.</strong></span> <span class='ocrx_word' id='word_1_79' title='bbox 2293 1614 2433 1685; x_wconf 89' lang='lat' dir='ltr'><strong>Sed</strong></span> <span class='ocrx_word' id='word_1_80' title='bbox 2471 1616 2529 1686; x_wconf 91' lang='lat' dir='ltr'><strong>si</strong></span> <span class='ocrx_word' id='word_1_81' title='bbox 2572 1614 2665 1685; x_wconf 92' lang='lat' dir='ltr'><strong>de</strong></span> <span class='ocrx_word' id='word_1_82' title='bbox 2695 1614 2838 1687; x_wconf 89' lang='lat' dir='ltr'><strong>hoc</strong></span> <span class='ocrx_word' id='word_1_83' title='bbox 2872 1618 3012 1713; x_wconf 85' lang='lat' dir='ltr'><strong>agi·</strong></span> 
     </span>
     <span class='ocr_line' id='line_1_11' title="bbox 874 1730 3011 1827; baseline 0.001 -28"><span class='ocrx_word' id='word_1_84' title='bbox 874 1762 907 1799; x_wconf 88' lang='lat'>«</span> <span class='ocrx_word' id='word_1_85' title='bbox 953 1746 1093 1820; x_wconf 87' lang='lat' dir='ltr'><strong>tur,</strong></span> <span class='ocrx_word' id='word_1_86' title='bbox 1136 1756 1269 1802; x_wconf 89' lang='lat' dir='ltr'><strong>nec</strong></span> <span class='ocrx_word' id='word_1_87' title='bbox 1320 1742 1622 1827; x_wconf 84' lang='lat' dir='ltr'><strong>regnum</strong></span> <span class='ocrx_word' id='word_1_88' title='bbox 1654 1732 1816 1826; x_wconf 91' lang='lat' dir='ltr'><strong>jure</strong></span> <span class='ocrx_word' id='word_1_89' title='bbox 1849 1730 2280 1803; x_wconf 89' lang='lat' dir='ltr'><strong>hereditario</strong></span> <span class='ocrx_word' id='word_1_90' title='bbox 2317 1730 2738 1827; x_wconf 85' lang='lat' dir='ltr'><strong>adquiritur,</strong></span> <span class='ocrx_word' id='word_1_91' title='bbox 2771 1756 2904 1801; x_wconf 90' lang='lat' dir='ltr'><strong>nec</strong></span> <span class='ocrx_word' id='word_1_92' title='bbox 2939 1733 3011 1801; x_wconf 89' lang='lat' dir='ltr'><strong>in</strong></span> 
     </span>
     <span class='ocr_line' id='line_1_12' title="bbox 876 1846 3015 1947; baseline 0.002 -34"><span class='ocrx_word' id='word_1_93' title='bbox 876 1876 910 1913; x_wconf 86' lang='lat'><strong><em>«</em></strong></span> <span class='ocrx_word' id='word_1_94' title='bbox 952 1872 1253 1943; x_wconf 85' lang='lat' dir='ltr'><strong>regnum</strong></span> <span class='ocrx_word' id='word_1_95' title='bbox 1280 1846 1818 1947; x_wconf 86' lang='lat' dir='ltr'><strong>promovendus</strong></span> <span class='ocrx_word' id='word_1_96' title='bbox 1857 1862 1961 1918; x_wconf 88' lang='lat' dir='ltr'><strong>est</strong></span> <span class='ocrx_word' id='word_1_97' title='bbox 1997 1848 2131 1918; x_wconf 90' lang='lat' dir='ltr'><strong>nisi</strong></span> <span class='ocrx_word' id='word_1_98' title='bbox 2166 1871 2385 1945; x_wconf 90' lang='lat' dir='ltr'><strong>quem</strong></span> <span class='ocrx_word' id='word_1_99' title='bbox 2411 1866 2562 1918; x_wconf 85' lang='lat' dir='ltr'><strong>non</strong></span> <span class='ocrx_word' id='word_1_100' title='bbox 2601 1847 2835 1919; x_wconf 92' lang='lat' dir='ltr'><strong>solum</strong></span> <span class='ocrx_word' id='word_1_101' title='bbox 2861 1870 3015 1918; x_wconf 87' lang='lat' dir='ltr'><strong>cor-</strong></span> 
     </span>
     <span class='ocr_line' id='line_1_13' title="bbox 872 1960 3016 2063; baseline 0.001 -33"><span class='ocrx_word' id='word_1_102' title='bbox 872 1992 909 2031; x_wconf 88' lang='lat'>«</span> <span class='ocrx_word' id='word_1_103' title='bbox 951 1964 1149 2062; x_wconf 88' lang='lat' dir='ltr'><strong>poris</strong></span> <span class='ocrx_word' id='word_1_104' title='bbox 1182 1962 1548 2053; x_wconf 83' lang='lat' dir='ltr'><strong>nobilitas,</strong></span> <span class='ocrx_word' id='word_1_105' title='bbox 1592 1962 1718 2034; x_wconf 88' lang='lat' dir='ltr'><strong>sed</strong></span> <span class='ocrx_word' id='word_1_106' title='bbox 1749 1979 1818 2035; x_wconf 82' lang='lat' dir='ltr'><strong>et</strong></span> <span class='ocrx_word' id='word_1_107' title='bbox 1853 1964 2071 2035; x_wconf 88' lang='lat' dir='ltr'><strong>animi</strong></span> <span class='ocrx_word' id='word_1_108' title='bbox 2099 1962 2440 2063; x_wconf 77' lang='lat' dir='ltr'><strong>sapientia</strong></span> <span class='ocrx_word' id='word_1_109' title='bbox 2460 1962 2796 2053; x_wconf 86' lang='lat' dir='ltr'><strong>illustrat,</strong></span> <span class='ocrx_word' id='word_1_110' title='bbox 2841 1960 3016 2035; x_wconf 88' lang='lat' dir='ltr'><strong>fides</strong></span> 
     </span>
     <span class='ocr_line' id='line_1_14' title="bbox 871 2066 3016 2178; baseline 0.004 -35"><span class='ocrx_word' id='word_1_111' title='bbox 871 2108 905 2144; x_wconf 86' lang='lat'>«</span> <span class='ocrx_word' id='word_1_112' title='bbox 950 2066 1215 2165; x_wconf 82' lang='lat' dir='ltr'><strong>munit,</strong></span> <span class='ocrx_word' id='word_1_113' title='bbox 1262 2080 1805 2176; x_wconf 79' lang='lat' dir='ltr'><strong>magnanimitas</strong></span> <span class='ocrx_word' id='word_1_114' title='bbox 1848 2078 2104 2151; x_wconf 85' lang='lat' dir='ltr'><strong>firmat.</strong></span> <span class='ocrx_word' id='word_1_115' title='bbox 2163 2081 2489 2178; x_wconf 87' lang='lat' dir='ltr'><strong>Legimus</strong></span> <span class='ocrx_word' id='word_1_116' title='bbox 2524 2078 2600 2151; x_wconf 90' lang='lat' dir='ltr'><strong>in</strong></span> <span class='ocrx_word' id='word_1_117' title='bbox 2645 2080 3016 2151; x_wconf 89' lang='lat' dir='ltr'><strong>annalibus</strong></span> 
     </span>
     <span class='ocr_line' id='line_1_15' title="bbox 872 2176 3016 2301; baseline 0.003 -39"><span class='ocrx_word' id='word_1_118' title='bbox 872 2198 911 2261; x_wconf 76' lang='grc' dir='ltr'><strong>α’</strong></span> <span class='ocrx_word' id='word_1_119' title='bbox 928 2176 1316 2266; x_wconf 57' lang='lat' dir='ltr'><strong>&#39;clarissimi</strong></span> <span class='ocrx_word' id='word_1_120' title='bbox 1350 2196 1623 2292; x_wconf 84' lang='lat' dir='ltr'><strong>generis</strong></span> <span class='ocrx_word' id='word_1_121' title='bbox 1642 2196 2204 2295; x_wconf 78' lang='lat' dir='ltr'><strong>imperatoribus</strong></span> <span class='ocrx_word' id='word_1_122' title='bbox 2239 2198 2517 2295; x_wconf 88' lang='lat' dir='ltr'><strong>ignavia</strong></span> <span class='ocrx_word' id='word_1_123' title='bbox 2553 2196 2643 2269; x_wconf 90' lang='lat' dir='ltr'><strong>ab</strong></span> <span class='ocrx_word' id='word_1_124' title='bbox 2679 2197 3016 2301; x_wconf 82' lang='lat' dir='ltr'><strong>dignitate</strong></span> 
     </span>
     <span class='ocr_line' id='line_1_16' title="bbox 872 2304 3018 2413; baseline 0.003 -34"><span class='ocrx_word' id='word_1_125' title='bbox 872 2340 909 2379; x_wconf 81' lang='grc' dir='ltr'>κ</span> <span class='ocrx_word' id='word_1_126' title='bbox 952 2304 1436 2412; x_wconf 81' lang='lat' dir='ltr'><strong>praecipitatiS,</strong></span> <span class='ocrx_word' id='word_1_127' title='bbox 1488 2312 1662 2384; x_wconf 90' lang='lat' dir='ltr'><strong>alios</strong></span> <span class='ocrx_word' id='word_1_128' title='bbox 1696 2313 1921 2384; x_wconf 92' lang='lat' dir='ltr'><strong>modo</strong></span> <span class='ocrx_word' id='word_1_129' title='bbox 1959 2338 2166 2412; x_wconf 88' lang='lat' dir='ltr'><strong>pares</strong></span> <span class='ocrx_word' id='word_1_130' title='bbox 2189 2368 2209 2403; x_wconf 95' lang='lat'><strong>,</strong></span> <span class='ocrx_word' id='word_1_131' title='bbox 2251 2314 2472 2385; x_wconf 87' lang='lat' dir='ltr'><strong>modo</strong></span> <span class='ocrx_word' id='word_1_132' title='bbox 2516 2315 2823 2413; x_wconf 89' lang='lat' dir='ltr'><strong>impares</strong></span> <span class='ocrx_word' id='word_1_133' title='bbox 2864 2340 3018 2386; x_wconf 90' lang='lat' dir='ltr'><strong>suc·</strong></span> 
     </span>
     <span class='ocr_line' id='line_1_17' title="bbox 876 2429 3012 2529; baseline 0.004 -34"><span class='ocrx_word' id='word_1_134' title='bbox 876 2456 912 2495; x_wconf 87' lang='lat'>«</span> <span class='ocrx_word' id='word_1_135' title='bbox 954 2430 1265 2502; x_wconf 84' lang='lat' dir='ltr'><strong>cessisse.</strong></span> <span class='ocrx_word' id='word_1_136' title='bbox 1312 2430 1463 2501; x_wconf 82' lang='lat' dir='ltr'><strong>Sed</strong></span> <span class='ocrx_word' id='word_1_137' title='bbox 1521 2429 1696 2526; x_wconf 91' lang='lat' dir='ltr'><strong>quid</strong></span> <span class='ocrx_word' id='word_1_138' title='bbox 1741 2430 2040 2527; x_wconf 88' lang='lat' dir='ltr'><strong>dignum</strong></span> <span class='ocrx_word' id='word_1_139' title='bbox 2088 2430 2352 2527; x_wconf 69' lang='lat' dir='ltr'><strong>Kal-olo</strong></span> <span class='ocrx_word' id='word_1_140' title='bbox 2401 2432 2711 2503; x_wconf 88' lang='lat' dir='ltr'><strong>conferri</strong></span> <span class='ocrx_word' id='word_1_141' title='bbox 2744 2446 3012 2529; x_wconf 87' lang='lat' dir='ltr'><strong>potest,</strong></span> 
     </span>
     <span class='ocr_line' id='line_1_18' title="bbox 876 2546 3020 2647; baseline 0.003 -35"><span class='ocrx_word' id='word_1_142' title='bbox 876 2574 914 2612; x_wconf 89' lang='lat'><strong><em>«</em></strong></span> <span class='ocrx_word' id='word_1_143' title='bbox 954 2566 1171 2643; x_wconf 88' lang='lat' dir='ltr'><strong>quem</strong></span> <span class='ocrx_word' id='word_1_144' title='bbox 1198 2546 1375 2618; x_wconf 86' lang='lat' dir='ltr'><strong>fides</strong></span> <span class='ocrx_word' id='word_1_145' title='bbox 1411 2572 1563 2618; x_wconf 91' lang='lat' dir='ltr'><strong>non</strong></span> <span class='ocrx_word' id='word_1_146' title='bbox 1598 2548 1810 2643; x_wconf 89' lang='lat' dir='ltr'><strong>regit,</strong></span> <span class='ocrx_word' id='word_1_147' title='bbox 1846 2562 2097 2645; x_wconf 86' lang='lat' dir='ltr'><strong>torpor</strong></span> <span class='ocrx_word' id='word_1_148' title='bbox 2123 2562 2448 2639; x_wconf 82' lang='lat' dir='ltr'><strong>enervat,</strong></span> <span class='ocrx_word' id='word_1_149' title='bbox 2495 2564 2860 2647; x_wconf 89' lang='lat' dir='ltr'><strong>postremo</strong></span> <span class='ocrx_word' id='word_1_150' title='bbox 2893 2550 3020 2645; x_wconf 91' lang='lat' dir='ltr'><strong>qui</strong></span> 
     </span>
     <span class='ocr_line' id='line_1_19' title="bbox 874 2663 3020 2765; baseline 0.003 -35"><span class='ocrx_word' id='word_1_151' title='bbox 874 2693 910 2731; x_wconf 74' lang='grc' dir='ltr'>α</span> <span class='ocrx_word' id='word_1_152' title='bbox 956 2679 1146 2736; x_wconf 86' lang='lat' dir='ltr'><strong>tanta</strong></span> <span class='ocrx_word' id='word_1_153' title='bbox 1181 2665 1429 2765; x_wconf 87' lang='lat' dir='ltr'><strong>capitis</strong></span> <span class='ocrx_word' id='word_1_154' title='bbox 1454 2665 1958 2746; x_wconf 84' lang='lat' dir='ltr'><strong>imminutione</strong></span> <span class='ocrx_word' id='word_1_155' title='bbox 1981 2663 2254 2755; x_wconf 88' lang='lat' dir='ltr'><strong>hebuit,</strong></span> <span class='ocrx_word' id='word_1_156' title='bbox 2291 2681 2370 2737; x_wconf 92' lang='lat' dir='ltr'><strong>ut</strong></span> <span class='ocrx_word' id='word_1_157' title='bbox 2390 2678 2683 2739; x_wconf 81' lang='lat' dir='ltr'><strong>externo</strong></span> <span class='ocrx_word' id='word_1_158' title='bbox 2710 2664 2854 2763; x_wconf 85' lang='lat' dir='ltr'><strong>regi</strong></span> <span class='ocrx_word' id='word_1_159' title='bbox 2876 2692 3020 2739; x_wconf 89' lang='lat' dir='ltr'><strong>ser-</strong></span> 
     </span>
     <span class='ocr_line' id='line_1_20' title="bbox 876 2777 3020 2870; baseline 0.003 -25"><span class='ocrx_word' id='word_1_160' title='bbox 876 2809 911 2846; x_wconf 90' lang='lat'>«</span> <span class='ocrx_word' id='word_1_161' title='bbox 956 2780 1105 2850; x_wconf 85' lang='lat' dir='ltr'><strong>vire</strong></span> <span class='ocrx_word' id='word_1_162' title='bbox 1140 2805 1289 2851; x_wconf 90' lang='lat' dir='ltr'><strong>non</strong></span> <span class='ocrx_word' id='word_1_163' title='bbox 1315 2779 1674 2851; x_wconf 83' lang='lat' dir='ltr'><strong>horruerit</strong></span> <span class='ocrx_word' id='word_1_164' title='bbox 1697 2835 1719 2870; x_wconf 88' lang='lat'><strong>,</strong></span> <span class='ocrx_word' id='word_1_165' title='bbox 1749 2795 1820 2852; x_wconf 90' lang='lat' dir='ltr'><strong>et</strong></span> <span class='ocrx_word' id='word_1_166' title='bbox 1845 2777 2263 2851; x_wconf 59' lang='lat' dir='ltr'><strong>uxorem&#39;de</strong></span> <span class='ocrx_word' id='word_1_167' title='bbox 2287 2780 2570 2861; x_wconf 83' lang='lat' dir='ltr'><strong>militari</strong></span> <span class='ocrx_word' id='word_1_168' title='bbox 2597 2780 2850 2856; x_wconf 91' lang='lat' dir='ltr'><strong>ordine</strong></span> <span class='ocrx_word' id='word_1_169' title='bbox 2887 2780 3020 2851; x_wconf 87' lang='lat' dir='ltr'><strong>sibi</strong></span> 
     </span>
     <span class='ocr_line' id='line_1_21' title="bbox 876 2891 3022 2996; baseline 0.002 -33"><span class='ocrx_word' id='word_1_170' title='bbox 876 2927 911 2964; x_wconf 75' lang='lat' dir='ltr'><strong>t(</strong></span> <span class='ocrx_word' id='word_1_171' title='bbox 953 2897 1652 2996; x_wconf 14' lang='lat' dir='ltr'><strong>imparemtduxe&#39;rit?</strong></span> <span class='ocrx_word' id='word_1_172' title='bbox 1690 2896 2080 2984; x_wconf 90' lang='lat' dir='ltr'><strong>Quomodo</strong></span> <span class='ocrx_word' id='word_1_173' title='bbox 2104 2922 2274 2995; x_wconf 83' lang='lat' dir='ltr'><strong>ergo</strong></span> <span class='ocrx_word' id='word_1_174' title='bbox 2301 2922 2602 2994; x_wconf 84' lang='lat' dir='ltr'><strong>magnus</strong></span> <span class='ocrx_word' id='word_1_175' title='bbox 2637 2897 2784 2971; x_wconf 82' lang='lat' dir='ltr'><strong>dux</strong></span> <span class='ocrx_word' id='word_1_176' title='bbox 2809 2891 3022 2996; x_wconf 80' lang='lat' dir='ltr'><strong>patie-</strong></span> 
     </span>
     <span class='ocr_line' id='line_1_22' title="bbox 878 3013 3015 3114; baseline 0.003 -36"><span class='ocrx_word' id='word_1_177' title='bbox 878 3042 914 3080; x_wconf 89' lang='lat'>«</span> <span class='ocrx_word' id='word_1_178' title='bbox 951 3029 1068 3084; x_wconf 82' lang='lat' dir='ltr'><strong>tur</strong></span> <span class='ocrx_word' id='word_1_179' title='bbox 1094 3015 1185 3086; x_wconf 90' lang='lat' dir='ltr'><strong>de</strong></span> <span class='ocrx_word' id='word_1_180' title='bbox 1212 3015 1353 3086; x_wconf 68' lang='lat' dir='ltr'><strong>suis</strong></span> <span class='ocrx_word' id='word_1_181' title='bbox 1380 3014 1723 3086; x_wconf 81' lang='lat' dir='ltr'><strong>militibus</strong></span> <span class='ocrx_word' id='word_1_182' title='bbox 1746 3014 2082 3086; x_wconf 89' lang='lat' dir='ltr'><strong>feminam</strong></span> <span class='ocrx_word' id='word_1_183' title='bbox 2109 3031 2468 3114; x_wconf 86' lang='lat' dir='ltr'><strong>sumptam</strong></span> <span class='ocrx_word' id='word_1_184' title='bbox 2494 3017 2820 3113; x_wconf 74' lang='lat' dir='ltr'><strong>reginam,</strong></span> <span class='ocrx_word' id='word_1_185' title='bbox 2837 3013 3015 3104; x_wconf 83' lang='lat' dir='ltr'><strong>fieri,</strong></span> 
     </span>
     <span class='ocr_line' id='line_1_23' title="bbox 878 3115 3016 3230; baseline 0.001 -33"><span class='ocrx_word' id='word_1_186' title='bbox 878 3157 913 3198; x_wconf 78' lang='lat' dir='ltr'><strong>t&lt;</strong></span> <span class='ocrx_word' id='word_1_187' title='bbox 954 3127 1229 3227; x_wconf 86' lang='lat' dir='ltr'><strong>sibique</strong></span> <span class='ocrx_word' id='word_1_188' title='bbox 1281 3130 1691 3201; x_wconf 84' lang='lat' dir='ltr'><strong>dominari?</strong></span> <span class='ocrx_word' id='word_1_189' title='bbox 1731 3130 2119 3217; x_wconf 86' lang='lat' dir='ltr'><strong>Quomodo</strong></span> <span class='ocrx_word' id='word_1_190' title='bbox 2178 3115 2390 3229; x_wconf 80' lang='lat' dir='ltr'><strong>capiti</strong></span> <span class='ocrx_word' id='word_1_191' title='bbox 2442 3151 2571 3202; x_wconf 86' lang='lat' dir='ltr'><strong>suo</strong></span> <span class='ocrx_word' id='word_1_192' title='bbox 2607 3145 3016 3230; x_wconf 65' lang='lat' dir='ltr'><strong>praeponet,</strong></span> 
     </span>
     <span class='ocr_line' id='line_1_24' title="bbox 879 3247 3024 3346; baseline 0.003 -32"><span class='ocrx_word' id='word_1_193' title='bbox 879 3275 915 3314; x_wconf 74' lang='lat' dir='ltr'><strong>c&lt;</strong></span> <span class='ocrx_word' id='word_1_194' title='bbox 955 3247 1155 3343; x_wconf 77' lang='lat' dir='ltr'><strong>cujus</strong></span> <span class='ocrx_word' id='word_1_195' title='bbox 1178 3273 1384 3346; x_wconf 89' lang='lat' dir='ltr'><strong>pares</strong></span> <span class='ocrx_word' id='word_1_196' title='bbox 1422 3247 1493 3320; x_wconf 85' lang='lat' dir='ltr'><strong>et</strong></span> <span class='ocrx_word' id='word_1_197' title='bbox 1519 3250 1729 3319; x_wconf 88' lang='lat' dir='ltr'><strong>etiam</strong></span> <span class='ocrx_word' id='word_1_198' title='bbox 1769 3249 2072 3344; x_wconf 89' lang='lat' dir='ltr'><strong>majores</strong></span> <span class='ocrx_word' id='word_1_199' title='bbox 2103 3248 2232 3334; x_wconf 85' lang='lat' dir='ltr'><strong>sibi</strong></span> <span class='ocrx_word' id='word_1_200' title='bbox 2272 3275 2502 3346; x_wconf 90' lang='lat' dir='ltr'><strong>genua</strong></span> <span class='ocrx_word' id='word_1_201' title='bbox 2529 3251 2822 3320; x_wconf 86' lang='lat' dir='ltr'><strong>flectunt</strong></span> <span class='ocrx_word' id='word_1_202' title='bbox 2841 3304 2860 3339; x_wconf 92' lang='lat'><strong>,</strong></span> <span class='ocrx_word' id='word_1_203' title='bbox 2903 3275 3024 3346; x_wconf 89' lang='lat' dir='ltr'><strong>pe·</strong></span> 
     </span>
     <span class='ocr_line' id='line_1_25' title="bbox 878 3349 3024 3466; baseline 0.004 -36"><span class='ocrx_word' id='word_1_204' title='bbox 878 3395 913 3432; x_wconf 87' lang='lat'><em>«</em></span> <span class='ocrx_word' id='word_1_205' title='bbox 955 3364 1306 3462; x_wconf 90' lang='lat' dir='ltr'><strong>dibusque</strong></span> <span class='ocrx_word' id='word_1_206' title='bbox 1356 3391 1609 3437; x_wconf 87' lang='lat' dir='ltr'><strong>manus</strong></span> <span class='ocrx_word' id='word_1_207' title='bbox 1662 3349 2124 3466; x_wconf 78' lang='lat' dir='ltr'><strong>supponunt?</strong></span> <span class='ocrx_word' id='word_1_208' title='bbox 2179 3367 2636 3438; x_wconf 82' lang='lat' dir='ltr'><strong>Considerate</strong></span> <span class='ocrx_word' id='word_1_209' title='bbox 2681 3391 2832 3437; x_wconf 90' lang='lat' dir='ltr'><strong>rem</strong></span> <span class='ocrx_word' id='word_1_210' title='bbox 2870 3359 3024 3438; x_wconf 90' lang='lat' dir='ltr'><strong>dili-</strong></span> 
     </span>
     <span class='ocr_line' id='line_1_26' title="bbox 878 3473 3023 3583; baseline 0.001 -33"><span class='ocrx_word' id='word_1_211' title='bbox 878 3513 914 3552; x_wconf 82' lang='lat'>«</span> <span class='ocrx_word' id='word_1_212' title='bbox 959 3473 1229 3580; x_wconf 81' lang='lat' dir='ltr'><strong>genter,</strong></span> <span class='ocrx_word' id='word_1_213' title='bbox 1268 3499 1351 3558; x_wconf 44' lang='lat' dir='ltr'><strong>,et</strong></span> <span class='ocrx_word' id='word_1_214' title='bbox 1400 3483 1923 3555; x_wconf 77' lang='lat' dir='ltr'><strong>Karolumosua</strong></span> <span class='ocrx_word' id='word_1_215' title='bbox 1975 3486 2197 3582; x_wconf 88' lang='lat' dir='ltr'><strong>magis</strong></span> <span class='ocrx_word' id='word_1_216' title='bbox 2256 3485 2467 3583; x_wconf 89' lang='lat' dir='ltr'><strong>culpa</strong></span> <span class='ocrx_word' id='word_1_217' title='bbox 2515 3479 3023 3582; x_wconf 72' lang='lat' dir='ltr'><strong>praecipitatum</strong></span> 
     </span>
     <span class='ocr_line' id='line_1_27' title="bbox 876 3595 3026 3698; baseline 0.002 -33"><span class='ocrx_word' id='word_1_218' title='bbox 876 3629 914 3669; x_wconf 87' lang='lat'>«</span> <span class='ocrx_word' id='word_1_219' title='bbox 957 3625 1173 3696; x_wconf 85' lang='lat' dir='ltr'><strong>quam</strong></span> <span class='ocrx_word' id='word_1_220' title='bbox 1210 3599 1439 3670; x_wconf 88' lang='lat' dir='ltr'><strong>aliena</strong></span> <span class='ocrx_word' id='word_1_221' title='bbox 1468 3600 1731 3671; x_wconf 74' lang='lat' dir='ltr'><strong>videte.</strong></span> <span class='ocrx_word' id='word_1_222' title='bbox 1781 3595 2228 3698; x_wconf 65' lang='lat' dir='ltr'><strong>Reipublicae</strong></span> <span class='ocrx_word' id='word_1_223' title='bbox 2252 3599 2768 3672; x_wconf 88' lang='lat' dir='ltr'><strong>beatitudinem</strong></span> <span class='ocrx_word' id='word_1_224' title='bbox 2805 3601 3026 3698; x_wconf 88' lang='lat' dir='ltr'><strong>magis</strong></span> 
     </span>
     <span class='ocr_line' id='line_1_28' title="bbox 876 3704 3029 3820; baseline 0.001 -37"><span class='ocrx_word' id='word_1_225' title='bbox 876 3747 909 3784; x_wconf 90' lang='lat'>«</span> <span class='ocrx_word' id='word_1_226' title='bbox 956 3704 1174 3814; x_wconf 76' lang='lat' dir='ltr'><strong>quam</strong></span> <span class='ocrx_word' id='word_1_227' title='bbox 1199 3717 1669 3789; x_wconf 86' lang='lat' dir='ltr'><strong>calamitatem</strong></span> <span class='ocrx_word' id='word_1_228' title='bbox 1704 3732 1947 3816; x_wconf 82' lang='lat' dir='ltr'><strong>optate</strong></span> <span class='ocrx_word' id='word_1_229' title='bbox 1981 3745 1994 3786; x_wconf 90' lang='lat'>:</span> <span class='ocrx_word' id='word_1_230' title='bbox 2027 3719 2085 3788; x_wconf 90' lang='lat' dir='ltr'><strong>si</strong></span> <span class='ocrx_word' id='word_1_231' title='bbox 2111 3742 2269 3820; x_wconf 84' lang='lat' dir='ltr'><strong>eam</strong></span> <span class='ocrx_word' id='word_1_232' title='bbox 2291 3717 2650 3796; x_wconf 75' lang='lat' dir='ltr'><strong>‘infelicem</strong></span> <span class='ocrx_word' id='word_1_233' title='bbox 2693 3715 2849 3788; x_wconf 85' lang='lat' dir='ltr'><strong>fieri</strong></span> <span class='ocrx_word' id='word_1_234' title='bbox 2878 3717 3029 3804; x_wconf 76' lang='lat' dir='ltr'><strong>yul-</strong></span> 
     </span>
     <span class='ocr_line' id='line_1_29' title="bbox 882 3833 3028 3932; baseline 0.001 -31"><span class='ocrx_word' id='word_1_235' title='bbox 882 3863 916 3900; x_wconf 88' lang='lat'>«</span> <span class='ocrx_word' id='word_1_236' title='bbox 964 3834 1089 3924; x_wconf 68' lang='lat' dir='ltr'><strong>tis,</strong></span> <span class='ocrx_word' id='word_1_237' title='bbox 1140 3833 1483 3909; x_wconf 88' lang='lat' dir='ltr'><strong>Karolum</strong></span> <span class='ocrx_word' id='word_1_238' title='bbox 1528 3849 1992 3932; x_wconf 82' lang='lat' dir='ltr'><strong>promovete3</strong></span> <span class='ocrx_word' id='word_1_239' title='bbox 2044 3837 2127 3905; x_wconf 77' lang='lat' dir='ltr'><strong>si=</strong></span> <span class='ocrx_word' id='word_1_240' title='bbox 2152 3836 2582 3906; x_wconf 79' lang='lat' dir='ltr'><strong>fortunatam</strong></span> <span class='ocrx_word' id='word_1_241' title='bbox 2607 3889 2625 3924; x_wconf 94' lang='lat'><strong>,</strong></span> <span class='ocrx_word' id='word_1_242' title='bbox 2669 3835 3028 3931; x_wconf 87' lang='lat' dir='ltr'><strong>egregium</strong></span> 
     </span>
     <span class='ocr_line' id='line_1_30' title="bbox 885 3947 3028 4047; baseline 0.001 -32"><span class='ocrx_word' id='word_1_243' title='bbox 885 3977 921 4016; x_wconf 76' lang='grc' dir='ltr'><em>α</em></span> <span class='ocrx_word' id='word_1_244' title='bbox 964 3949 1224 4020; x_wconf 88' lang='lat' dir='ltr'><strong>ducem</strong></span> <span class='ocrx_word' id='word_1_245' title='bbox 1247 3953 1625 4046; x_wconf 88' lang='lat' dir='ltr'><strong>Hugonem</strong></span> <span class='ocrx_word' id='word_1_246' title='bbox 1648 3951 1722 4022; x_wconf 89' lang='lat' dir='ltr'><strong>in</strong></span> <span class='ocrx_word' id='word_1_247' title='bbox 1751 3974 2053 4047; x_wconf 87' lang='lat' dir='ltr'><strong>regnum</strong></span> <span class='ocrx_word' id='word_1_248' title='bbox 2073 3965 2440 4028; x_wconf 84' lang='lat' dir='ltr'><strong>coronate.</strong></span> <span class='ocrx_word' id='word_1_249' title='bbox 2467 3951 2571 4022; x_wconf 92' lang='lat' dir='ltr'><strong>Ne</strong></span> <span class='ocrx_word' id='word_1_250' title='bbox 2589 3974 2760 4045; x_wconf 86' lang='lat' dir='ltr'><strong>ergo</strong></span> <span class='ocrx_word' id='word_1_251' title='bbox 2787 3947 3028 4020; x_wconf 85' lang='lat' dir='ltr'><strong>Karoli</strong></span> 
     </span>
     <span class='ocr_line' id='line_1_31' title="bbox 878 4064 3028 4164; baseline 0 -30"><span class='ocrx_word' id='word_1_252' title='bbox 878 4098 915 4136; x_wconf 89' lang='lat'>«</span> <span class='ocrx_word' id='word_1_253' title='bbox 954 4091 1158 4142; x_wconf 89' lang='lat' dir='ltr'><strong>amor</strong></span> <span class='ocrx_word' id='word_1_254' title='bbox 1192 4093 1549 4164; x_wconf 89' lang='lat' dir='ltr'><strong>quemque</strong></span> <span class='ocrx_word' id='word_1_255' title='bbox 1580 4067 1820 4140; x_wconf 86' lang='lat' dir='ltr'><strong>illiciat</strong></span> <span class='ocrx_word' id='word_1_256' title='bbox 1844 4123 1862 4158; x_wconf 88' lang='lat'><strong>,</strong></span> <span class='ocrx_word' id='word_1_257' title='bbox 1907 4093 2040 4140; x_wconf 86' lang='lat' dir='ltr'><strong>nec</strong></span> <span class='ocrx_word' id='word_1_258' title='bbox 2079 4067 2331 4139; x_wconf 81' lang='lat' dir='ltr'><strong>odium</strong></span> <span class='ocrx_word' id='word_1_259' title='bbox 2373 4067 2578 4138; x_wconf 89' lang='lat' dir='ltr'><strong>ducis</strong></span> <span class='ocrx_word' id='word_1_260' title='bbox 2613 4064 2704 4137; x_wconf 85' lang='lat' dir='ltr'><strong>ab</strong></span> <span class='ocrx_word' id='word_1_261' title='bbox 2733 4065 3028 4136; x_wconf 89' lang='lat' dir='ltr'><strong>utilitate</strong></span> 
     </span>
     <span class='ocr_line' id='line_1_32' title="bbox 879 4181 3024 4281; baseline 0.002 -33"><span class='ocrx_word' id='word_1_262' title='bbox 879 4212 915 4248; x_wconf 91' lang='lat'>«</span> <span class='ocrx_word' id='word_1_263' title='bbox 958 4184 1325 4256; x_wconf 88' lang='lat' dir='ltr'><strong>communi</strong></span> <span class='ocrx_word' id='word_1_264' title='bbox 1373 4184 1763 4281; x_wconf 88' lang='lat' dir='ltr'><strong>quemlibet</strong></span> <span class='ocrx_word' id='word_1_265' title='bbox 1802 4200 2150 4256; x_wconf 85' lang='lat' dir='ltr'><strong>amoveat.</strong></span> <span class='ocrx_word' id='word_1_266' title='bbox 2208 4189 2384 4254; x_wconf 90' lang='lat' dir='ltr'><strong>Nam</strong></span> <span class='ocrx_word' id='word_1_267' title='bbox 2433 4184 2493 4254; x_wconf 90' lang='lat' dir='ltr'><strong>si</strong></span> <span class='ocrx_word' id='word_1_268' title='bbox 2527 4181 2806 4280; x_wconf 87' lang='lat' dir='ltr'><strong>bonum</strong></span> <span class='ocrx_word' id='word_1_269' title='bbox 2843 4183 3024 4253; x_wconf 88' lang='lat' dir='ltr'><strong>vitu·</strong></span> 
     </span>
     <span class='ocr_line' id='line_1_33' title="bbox 876 4295 3026 4396; baseline -0.002 -26"><span class='ocrx_word' id='word_1_270' title='bbox 876 4327 911 4362; x_wconf 86' lang='lat'><em>«</em></span> <span class='ocrx_word' id='word_1_271' title='bbox 954 4299 1245 4395; x_wconf 74' lang='lat' dir='ltr'><strong>pei-etiS,</strong></span> <span class='ocrx_word' id='word_1_272' title='bbox 1290 4297 1659 4396; x_wconf 89' lang='lat' dir='ltr'><strong>quomodo</strong></span> <span class='ocrx_word' id='word_1_273' title='bbox 1696 4300 1964 4372; x_wconf 86' lang='lat' dir='ltr'><strong>malum</strong></span> <span class='ocrx_word' id='word_1_274' title='bbox 2003 4299 2426 4372; x_wconf 82' lang='lat' dir='ltr'><strong>laudabitis?</strong></span> <span class='ocrx_word' id='word_1_275' title='bbox 2465 4300 2536 4370; x_wconf 91' lang='lat' dir='ltr'><strong>Si</strong></span> <span class='ocrx_word' id='word_1_276' title='bbox 2575 4297 2846 4370; x_wconf 82' lang='lat' dir='ltr'><strong>malum</strong></span> <span class='ocrx_word' id='word_1_277' title='bbox 2879 4295 3026 4369; x_wconf 84' lang='lat' dir='ltr'><strong>lau·</strong></span> 
     </span>
    </p>
   </div>
   <div class='ocr_carea' id='block_1_4' title="bbox 3393 438 3399 1087">
    <p class='ocr_par' dir='ltr' id='par_1_4' title="bbox 3393 438 3399 1087">
     <span class='ocr_line' id='line_1_34' title="bbox 3393 438 3399 1087; baseline 0 0"><span class='ocrx_word' id='word_1_278' title='bbox 3393 438 3399 1087; x_wconf 95' lang='lat' dir='ltr'><strong> </strong></span> 
     </span>
    </p>
   </div>
   <div class='ocr_carea' id='block_1_5' title="bbox 3390 1476 3402 3016">
    <p class='ocr_par' dir='ltr' id='par_1_5' title="bbox 3390 1476 3402 3016">
     <span class='ocr_line' id='line_1_35' title="bbox 3390 1476 3402 3016; baseline 0 0"><span class='ocrx_word' id='word_1_279' title='bbox 3390 1476 3402 3016; x_wconf 95' lang='lat' dir='ltr'><strong> </strong></span> 
     </span>
    </p>
   </div>
  </div>
 </body>
</html>
