3459 5375
995 488 1116 554 242
1698 489 2033 552 RIGHERI
2078 490 2227 550 LlB.
2278 491 2383 552 lv.

989 773 1004 784 ο
1071 695 1270 748 LXVI
1294 691 1591 746 —Arnulfl
1618 691 1889 764 persuasio
1904 689 1936 726 '¹'
1960 689 2031 743 ad
2053 689 2350 744 defensores
2364 693 2396 728 ⁴*
2426 706 2486 747 ut
2506 695 2669 748 libere
2682 694 2715 730 ὓ
2740 695 3031 768 disputent

1087 847 1440 938 Arnulqu‚
1466 845 1985 920 Aurelianensis
2011 846 2412 946 episcopus,
2442 847 2660 930 dixit.
2692 852 2967 944 «Licet,
2993 880 3110 952 pa-

991 999 1026 1036 «
1072 983 1212 1039 tres
1245 963 1634 1039 venerandi
1652 1016 1673 1055 ,
1714 963 1851 1034 hec
1889 963 2275 1035 certissime
2298 989 2373 1035 se
2404 964 2504 1035 sic
2533 963 2880 1058 habeant,
2912 985 2993 1041 ut
3030 971 3115 1043 de

987 1115 1022 1154 «
1046 1083 1359 1157 ‘Amulso
1386 1079 1885 1181 praedicantur,
1916 1079 2381 1178 plurimisque
2399 1081 2767 1153 sententiis
2790 1099 3109 1181 patmm,

985 1231 1022 1268 «
1055 1202 1250 1297 justo
1275 1197 1901 1300 juditio-damnari
1935 1196 2202 1287 valeat,
2236 1212 2477 1272 tamen
2510 1221 2605 1270 ne
2630 1199 3003 1272 videamur
3033 1203 3114 1274 de

983 1349 1018 1386 «
1059 1317 1289 1390 {ratris
1315 1317 1524 1388 ruina
1549 1313 1846 1410 letantes
1866 1368 1885 1403 ,
1942 1315 2025 1412 et'
2058 1315 2132 1384 in
2176 1314 2327 1410 ejus
2364 1313 2824 1390 damnatione
2847 1305 3113 1418 absque

977 1465 1015 1506 «
1049 1435 1244 1532 justo
1280 1433 1609 1506 ardentes
1632 1486 1652 1523 ,
1697 1429 2153 1504 statuendum
2201 1433 2570 1504 communi
2602 1433 2891 1508 decreto
2933 1437 3113 1512 arhi-

976 1583 1012 1621 «
1056 1569 1230 1646 tror,
1265 1568 1347 1625 ut
1376 1551 1811 1649 quicumque
1851 1550 1926 1620 in
1969 1549 2120 1646 ejus
2147 1545 2559 1622 defensione
2582 1551 2851 1650 aliquid
2878 1555 3111 1642 dicere

975 1700 1010 1739 a
1053 1669 1326 1769 nititur,
1354 1669 1594 1741 locum
1619 1666 2037 1740 defensandi
2059 1663 2344 1758 habeat,
2377 1668 2693 1740 revolvat
2716 1669 3103 1768 volumina,

960 1802 1008 1858 ‘«
1052 1785 1366 1887 proferat
1404 1800 1584 1905 quot
1623 1783 1778 1890 vult
1820 1784 2243 1898 sementim,
2291 1799 2502 1883 atque
2539 1789 2783 1859 omnia
2824 1815 2983 1886 quae
3016 1793 3107 1864 ad

957 1933 1004 2018 .“
1047 1891 1535 2004 defensionem
1577 1901 1885 2000 paravit,
1931 1891 2050 1984 bic
2092 1925 2336 1972 coram
2381 1901 2483 1972 nil
2528 1916 2851 1976 metuens
2885 1905 3106 1977 effim-

917 2023 926 2030 “
968 2049 1004 2088 κ
1048 2019 1194 2094 dat.
1253 1997 1500 2117 Atque
1545 2017 1684 2089 hoc
1727 2015 2308 2113 constituendum
2366 2040 2572 2107 reor,
2629 2035 2710 2090 ut
2770 2019 2955 2094 ultra
3004 2024 3107 2118 eis

967 2165 1002 2234 ᾳ
1048 2109 1465 2234 defensandi
1507 2115 1712 2206 locus
1751 2158 1903 2205 non
1945 2148 2205 2234 pateat.
2263 2135 2393 2206 Hic
2414 2131 2707 2244 tantum
2742 2161 2938 2242 nunc
2968 2165 3099 2211 ·-co

965 2285 1001 2325 κ
1042 2257 1258 2353 gitata
1317 2253 1624 2328 edicant.
1665 2281 1700 2320 »
1769 2256 1967 2322 Tunc
1998 2253 2355 2350 Signinus
2406 2254 2781 2353 episcopus
2830 2257 3097 2340 Arnulfi

957 2393 1222 2452 stamm
1265 2375 1618 2476 approbat
1631 2428 1652 2467 ,
1697 2399 1783 2448 ac
1830 2373 2301 2447 decretalibus
2338 2375 2809 2469 interdictis,
2751 2377 2769 2412 ⁴
2852 2379 3097 2457 violari

953 2483 1254 2568 inhibet.
1289 2497 1362 2567 Si
1388 2495 1739 2593 quispiam
1772 2517 1945 2590 ergo
1970 2492 2149 2590 quid
2182 2492 2421 2568 dicere
2462 2493 2715 2586 habet,
2744 2512 2827 2570 ut
2822 2497 3099 2658 edient

957 2613 1346 2688 ammonet.
1553 2658 1563 2670 -
2614 2665 2621 2682 .

1349 2874 1383 2885 q
1417 2868 1422 2875 .

1109 3028 1118 3035 .
1141 2940 1146 2947 ·
1247 2980 1469 3031 vau.
1503 3008 1552 3018 ——
1583 2976 1828 3029 Defensio
1847 2977 1911 3013 ¹¹*
1936 2978 2325 3066 scolasticorum
2342 2978 2404 3014 *Ἴ*
2426 2997 2529 3051 pro
2551 2980 2793 3033 Amulfo.

1049 3153 1140 3224 Et
1163 3173 1332 3223 cum
1355 3151 1594 3251 plures
1609 3142 1726 3221 ibi
1752 3151 2186 3243 assisterent,
2225 3152 2350 3249 qui
2376 3154 2449 3225 in
2479 3137 2897 3225 defensione
2920 3155 3097 3233 nite-·

953 3285 1224 3361 rentur,
1273 3268 1561 3341 maximi
1599 3272 1839 3340 'tamen
1878 3267 2313 3341 defensores
2324 3266 2519 3341 fuere
2554 3260 2845 3341 abhates
2892 3268 3083 3341 Abho

952 3386 1437 3493 Floliacensi5‚
1470 3399 1542 3477 et
1568 3383 1983 3456 Ramnulfus
2003 3385 2434 3457 Senonensis
2446 3439 2467 3477 ‚
2502 3401 2719 3483 atque
2736 3384 3089 3457 Johannes

953 3500 1362 3595 scolasticus
1407 3499 2024 3576 Autisiodorensis.
2078 3502 2169 3572 Hi
2204 3500 2397 3573 enim
2442 3501 2733 3573 scientia
2774 3500 2985 3573 simul
3018 3516 3082 3573 et

953 3616 1358 3721 eloquentia
1395 3621 1588 3707 inter
1629 3645 1798 3692 suos
1836 3620 2144 3717 insignes
2172 3618 2641 3695 habebantur.
2686 3620 2774 3691 Et
2822 3616 3080 3690 indicto

952 3738 1255 3835 silentio,
1285 3736 1637 3811 librorum
1670 3734 1899 3831 multa
1938 3735 2306 3819 volumina
2343 3752 2587 3836 aperta
2612 3752 2821 3829 sunt,
2870 3734 3081 3807 multa

951 3880 1244 3957 quoque
1266 3875 1354 3929 ex
1384 3870 1670 3955 patrum
1696 3854 1998 3949 decretis
2024 3851 2301 3954 prolata
2314 3908 2363 3947 ,
2376 3854 2726 3933 nonnulla
2757 3855 2970 3929 etiam
2996 3853 3077 3925 ad

1019 4082 1053 4117 θ
1087 4097 1204 4151 per,
1229 4078 1416 4143 defen,
1442 4095 1529 4130 ere
1554 4077 1642 4129 abs
1617 4098 1686 4130 m:
1669 4076 1766 4129 ι”.εα

1020 4164 1084 4199 ”
1103 4164 1330 4217 'Defensi
1348 4202 1364 4229 ,
1401 4161 1630 4217 ticon-um
1653 4162 1864 4215 abscisa.

1021 4250 1038 4281 ¹
1077 4248 1212 4303 inter
1229 4245 1522 4329 interdictis
1545 4244 1658 4298 cod.
1689 4246 1770 4319 (e’n
1801 4246 1989 4299 duabus
2011 4247 2201 4319 lineis).
