3459 5375
916 543 1034 603 166
1644 540 1980 602 RICHERI
2024 542 2172 605 LIB.
2223 542 2332 603 IV.

908 697 984 744 se
1011 674 1285 772 eripere
1310 672 1778 744 conabantur.
1823 680 2150 762 Quorum
2185 676 2303 747 alii
2338 676 2814 749 aecclesiarum
2833 702 3068 751 secre-

912 791 999 863 tis
1024 816 1100 862 se
1127 790 1577 863 occultabant
1600 846 1618 881 ‚
1659 791 1777 863 alii
1821 792 2114 864 diversis
2157 792 2463 865 latibulis
2491 819 2565 867 se
2591 794 3060 887 claudebant3

912 908 1033 980 alii
1053 934 1225 980 vero
1249 908 1428 981 saltu
1456 936 1532 981 se
1558 908 1651 981 de
1673 910 1897 981 muris
1921 911 2479 1010 praecipitabant.
2523 916 2854 1005 Quorum
2875 938 3070 986 unus

914 1026 1290 1125 episcopus
1313 1081 1332 1116 ,
1366 1053 1531 1097 cum
1557 1053 1688 1126 per
1714 1026 2012 1100 declivia
2046 1029 2311 1100 montis
2329 1028 2480 1124 jam
2517 1028 2795 1129 elapsus
2819 1084 2839 1120 ‚
2882 1046 2952 1103 et
2987 1032 3064 1102 in·

913 1145 1139 1216 vineis
1168 1142 1261 1215 ab
1288 1144 1866 1217 observatoribus
1893 1162 2216 1244 repertus
2252 1161 2436 1218 esset
2455 1200 2473 1237 ,
2517 1147 2777 1219 Karolo
2797 1146 3082 1223 ‚deduc-

916 1276 1037 1341 tus·
1064 1277 1171 1341 est
1193 1315 1211 1350 ‚
1268 1276 1340 1332 et
1384 1260 1477 1333 ab
1528 1287 1615 1335 eo
1660 1287 1944 1335 carcere
1999 1263 2352 1335 detrusus.
2414 1268 2740 1337 Emmam
2775 1290 3072 1363 quoque

918 1378 1240 1475 reginam
1258 1433 1278 1471 ,
1329 1380 1533 1477 cujus
1569 1381 1908 1452 instinctu
1955 1405 2108 1453 sese
2151 1380 2517 1479 repulsum
2551 1406 2595 1452 a
2627 1380 2840 1455 fratre
2875 1380 3076 1453 arbi-

917 1494 1263 1588 trabatur,
1321 1496 1422 1569 ibi
1448 1495 2026 1594 comprehendit,
2086 1497 2296 1594 eique
2343 1498 2676 1569 custodes
2713 1498 3071 1570 adhibuit.

924 1611 1293 1709 Reliquam
1320 1614 1534 1685 etiam
1566 1613 1763 1691 urbis
1797 1613 2240 1687 nobilitatem
2260 1638 2452 1714 pene
2484 1630 2710 1687 totam
2737 1616 3068 1713 pervasit.

1916 1946 2094 2000 XVII.

1028 2097 1416 2191 Postquam
1450 2092 1709 2165 sedatis
1746 2092 2162 2166 tumultibus
2211 2094 2454 2165 civitas
2497 2092 2876 2191 tranquilla
2919 2094 3084 2165 red-

931 2210 1081 2281 dita
1116 2224 1253 2300 est,
1292 2210 1592 2283 Karolus
1631 2210 1722 2282 de
1765 2209 1960 2283 urbis
1997 2210 2395 2283 munitione
2433 2224 2504 2281 et
2545 2210 2852 2282 militum
2887 2212 3082 2282 victu

930 2324 1322 2398 deliberare
1354 2342 1569 2423 atque
1605 2325 1937 2398 ordinare
1960 2326 2197 2424 coepit.
2237 2326 2620 2425 Deputavit
2644 2349 2813 2423 ergo
2839 2325 3088 2425 vigiles

933 2446 1493 2544 quingentenOS,
1526 2445 1675 2541 qui,
1716 2442 2046 2514 noctibus
2079 2442 2368 2539 singulis
2423 2444 2698 2533 armati,
2750 2442 3086 2517 excubias

930 2588 1061 2662 per
1098 2561 1349 2634 urbem
1408 2576 1479 2631 et
1536 2562 1800 2632 moenia
1833 2550 2277 2632 exercerent.
2333 2563 2710 2631 Annonam
2745 2562 2959 2633 etiam
2998 2587 3084 2633 ex

933 2695 1087 2754 toto
1111 2705 1299 2779 pago
1326 2676 1893 2751 Veromandensi
1916 2676 2174 2750 advehi
2191 2676 2419 2775 jussit.
2454 2681 2542 2750 Et
2574 2678 2674 2750 sic
2709 2677 2962 2752 urbem
2990 2678 3086 2752 ad

934 2796 1406 2870 resistendum
1464 2796 1790 2867 munivit.
1835 2801 2014 2866 Nam
2051 2795 2305 2866 turrim
2363 2818 2520 2891 quae
2567 2795 2804 2866 adhuc
2860 2797 3090 2868 muris

932 2915 1321 2988 humilibus
1346 2903 1703 3015 perstabat
1718 2967 1738 3005 ‚
1770 2897 2010 3014 pinnis
2037 2911 2513 2984 eminentibus
2537 2913 2911 3004 exstruxit,
2951 2912 3090 2984 fos·

933 3032 1169 3129 sisque
1226 3027 1633 3129 patentibus
1709 3028 2266 3125 circumquaque
2333 3025 2641 3099 vallavit.
2724 3026 3090 3099 Machinas

934 3151 1149 3222 etiam
1181 3146 1509 3221 hostibus
1540 3146 1794 3218 effecit.
1849 3150 2144 3218 Necnon
2179 3160 2253 3217 et
2295 3144 2490 3242 ligna
2523 3145 2540 3180 ¹
2589 3143 3080 3234 advectantur,

932 3268 1279 3343 machinis
1312 3265 1704 3340 educendis
1740 3263 2028 3335 idonea.
2072 3261 2254 3334 Valli
2288 3284 2580 3359 quoque
2613 3277 3080 3353 exacuuntur,

931 3403 1300 3482 cratesque
1331 3396 1833 3456 con—texuntur.
1891 3384 2036 3451 Nec
2075 3380 2312 3450 minus
2351 3377 2534 3450 fabri
2571 3381 3080 3471 accersiuntur,

930 3505 1061 3602 qui
1110 3500 1403 3574 missilia
1472 3498 1820 3570 fabricent
1841 3551 1860 3587 ‚
1928 3520 2012 3568 ac
2081 3521 2380 3594 quaeque
2449 3499 2846 3569 necessaria
2895 3497 3086 3570 ferro

926 3621 1340 3694 instaurent.
1386 3621 1529 3689 Nec
1552 3616 1845 3688 defuere
1873 3619 1998 3713 qui
2041 3629 2239 3688 tanta
2257 3611 2655 3685 subtilitatis
2689 3627 2840 3686 arte
2873 3611 3087 3687 balis-

926 3751 1036 3808 tas
1070 3737 1395 3814 emittant
1417 3788 1436 3824 ‚
1469 3747 1548 3804 ut
1584 3731 2008 3833 apothecam
2058 3733 2130 3804 in
2176 3744 2368 3802 recta
2415 3729 2765 3802 diametro
2812 3730 3084 3832 duplici

927 3853 1278 3936 ssoramine
1318 3867 1681 3951 patentem
1707 3905 1727 3942 ,
1761 3865 1957 3923 certo
1977 3850 2170 3946 jactu
2198 3847 2582 3945 trajiciant,
2607 3874 2770 3921 aves
2797 3874 3089 3948 quoque

923 3973 1001 4044 in
1068 3996 1229 4044 aere
1293 3968 1621 4048 volantes
1686 3964 2089 4040 indubitato
2146 3965 2288 4037 ictu
2342 3965 2766 4063 impeterent
2788 4023 2808 4059 ‚
2859 3982 3088 4040 trans-

918 4089 1233 4190 fixasque
1267 4087 1359 4162 de
1393 4086 1678 4159 sublimi
1710 4083 2248 4185 praecipitarent.

993 4317 1009 4348 ¹
1052 4315 1271 4368 millenoe
1292 4311 1462 4366 trabes
1490 4329 1614 4363 corr.
1641 4310 1802 4380 ligna.
