3459 5375
891 587 1012 648 204
1601 585 1933 646 RICHERI
1974 585 2125 650 LIB.
2176 586 2283 648 lV.

890 759 1412 814 XLV.-Arnulfus
1435 759 1508 814 ad
1533 760 1750 832 regem!
1766 779 1821 814 se
1836 762 2059 816 contudit
2074 763 2128 828 θ’,
2146 761 2369 832 gratiam
2388 761 2503 814 ab*
2524 761 2638 814 eo’
2660 767 3027 833 acceptumst.

995 907 1321 979 Amulfus
1357 907 1706 979 admissus
1748 909 1891 1005 regi
1924 961 1943 996 ,
1986 907 2077 979 ab
2110 933 2199 980 eo
2246 907 2919 1006 osculumaccepit3
2966 926 3037 982 et

891 1048 1057 1096 cum
1085 1024 1176 1096 de
1201 1023 1492 1121 objectis
1517 1025 1829 1122 aliquam
1856 1026 2254 1123 purgationi
2278 1047 2575 1123 operam
2596 1024 2767 1097 dane
2795 1025 3031 1116 vellet,

897 1157 1020 1212 rex
1069 1139 1204 1210 sibi
1257 1138 1577 1213 sufficere
1617 1139 1793 1212 dixit
1812 1194 1830 1230 ,
1872 1157 1953 1212 ut
1982 1165 2025 1212 a
2077 1141 2441 1238 praeteritis
2496 1141 2925 1237 quiesceret,
2968 1157 3039 1214 et

853 1319 860 1324 .
895 1255 1151 1327 exinde
1210 1255 1344 1327 sibi
1378 1254 1596 1328 fidem
1629 1255 2123 1329 inviolabiliter
2168 1272 2516 1349 servaret3
2556 1281 2708 1330 sese
2756 1259 3038 1356 penitus

896 1394 1045 1443 non
1096 1373 1423 1469 ignorare
1457 1372 1799 1444 Karolum
1848 1375 1913 1445 ei
1946 1375 2094 1445 vim
2128 1374 2443 1445 intulisse
2466 1427 2486 1464 ,
2537 1389 2608 1446 et
2649 1398 2927 1448 summa
2962 1375 3038 1447 id

891 1487 1408 1562 necessitudine
1463 1489 1726 1562 factum
1742 1544 1760 1580 ,
1812 1505 1893 1562 ut
1925 1489 2019 1561 ad
2051 1505 2337 1587 tempus
2390 1514 2433 1561 a
2464 1513 2541 1561 se
2591 1489 2987 1562 discederet
3009 1545 3029 1580 ,

892 1620 966 1676 et
1005 1605 1267 1677 Karolo
1307 1607 1521 1677 etiam
1581 1606 1833 1677 nolens
1883 1605 2165 1677 faveret.
2228 1605 2368 1676 Sed
2414 1605 2581 1702 quia
2635 1605 2711 1677 id
2774 1608 3035 1678 sactum

894 1735 1045 1794 erat
1063 1776 1082 1812 ,
1126 1720 1325 1818 quod
1367 1719 1767 1794 labefactari
1810 1743 1959 1793 non
2013 1736 2325 1820 poterat,
2384 1721 2607 1794 multa
2652 1724 2923 1794 ratione
2972 1723 3037 1795 ei

895 1863 1048 1908 esse
1109 1837 1536 1928 videndum,
1600 1853 1678 1909 ut
1740 1839 2010 1910 amissae
2076 1836 2272 1910 urbis
2331 1837 2729 1937 dampnum
2798 1838 3036 1938 aliquo

897 1954 1119 2026 modo
1165 1953 1547 2054 suppleret.
1579 1956 1653 2026 Si
1686 1953 1941 2027 urbem
1976 1954 2239 2027 habere
2266 1971 2347 2027 ut
2377 1970 2543 2028 ante
2582 1980 2733 2027 non
2767 1971 3033 2054 posset,

895 2071 1144 2143 saltem
1180 2070 1523 2142 Karolum
1561 2070 1654 2142 ad
1690 2096 1765 2142 se
1806 2072 2099 2143 transire
2145 2071 2406 2142 faceret
2424 2125 2443 2161 ,
2498 2085 2579 2141 ut
2620 2095 2697 2142 se
2730 2095 3035 2144 consen-

896 2189 1114 2259 tiente
1131 2240 1150 2277 ,
1209 2187 1409 2285 quod
1473 2203 1875 2286 pervaserat
1938 2202 2232 2260 teneret.
2299 2191 2477 2266 ,Haec
2547 2202 2620 2258 et
2693 2187 3039 2286 ampliora

897 2304 1228 2376 Arnulfus
1279 2329 1432 2376 sese
1489 2304 1841 2376 facturum
1901 2305 2273 2403 pollicetur
2294 2357 2314 2394 ,
2381 2319 2659 2376 tantum
2710 2318 2793 2376 ut
2860 2305 3041 2402 regis

897 2423 1116 2518 gratia
1148 2422 1284 2496 sibi
1318 2422 1684 2513 reddatur,
1725 2437 1800 2496 et
1849 2424 2000 2521 ipse
2034 2421 2229 2521 apud
2281 2446 2449 2494 eum
2496 2437 2581 2494 ut
2624 2421 3037 2521 metropoli-

899 2551 1106 2610 tanus
1139 2536 1558 2610 honoretur.
1595 2541 1741 2610 Rex
1768 2539 2061 2634 gratiam
2090 2536 2414 2628 indulsit,
2448 2551 2521 2608 et
2546 2551 2628 2607 ut
2650 2534 3039 2634 plurimum

898 2677 1143 2727 coram
1175 2679 1252 2727 se
1285 2655 1640 2727 honorem
1681 2653 1979 2727 haberet
2018 2655 2387 2727 concessit.
2428 2653 2636 2731 Unde
2672 2669 2746 2727 et
2776 2652 3039 2727 factum

897 2785 1006 2842 est
1022 2823 1042 2861 ,
1107 2786 1186 2842 ut
1233 2773 1306 2843 in
1353 2770 1658 2870 prandio
1693 2770 1812 2843 die
1864 2770 2113 2843 eadem
2162 2772 2311 2868 regi
2360 2770 2632 2862 dexter,
2686 2769 3036 2843 Adalbero

897 2887 1156 2983 reginae
1182 2885 1380 2959 levus
1403 2887 1763 2960 resideret.
1792 2888 1915 2958 His
1950 2888 2051 2961 ita
2070 2913 2222 2959 sese
2246 2886 2674 2960 habentibus
2714 2888 3039 2960 Amulfus

897 3007 991 3078 ab
1017 3032 1180 3105 rege
1205 3008 1518 3079 dimotus
1542 3024 1667 3082 est.
1707 3011 1959 3084 miram
1984 3010 2166 3107 regis
2197 3008 2749 3082 benivolentiam
2776 3008 3037 3079 Karolo

897 3124 1258 3197 indicavit.
1301 3130 1587 3213 Quanto
1641 3152 1930 3223 quoque
1980 3126 2261 3199 honore
2311 3125 2506 3225 apud
2564 3150 2731 3198 eum
2757 3126 3037 3198 habitus

897 3241 985 3312 sit
1018 3241 1374 3340 explicans
1389 3296 1408 3333 ,
1460 3241 1552 3314 de
1587 3243 1739 3339 ejus
1787 3244 2013 3340 gratia
2055 3243 2445 3341 plurimum
2481 3228 2941 3340 gloriabatur.
2985 3248 3035 3313 A

899 3383 1046 3454 quo
1105 3374 1429 3456 tempore
1474 3360 1657 3457 regis
1707 3374 1779 3431 et
1833 3359 2074 3432 Karoli
2122 3359 2771 3436 reconciliationem
2828 3374 3035 3457 atque

900 3472 1215 3547 favorem
1245 3473 1628 3575 quaerebat.

1253 3674 1451 3726 XLVI.
1469 3703 1544 3716 —
1565 3673 1821 3745 Exceptio
1838 3674 1905 3709 ’θ
1934 3672 2287 3727 Adalberonis
2308 3690 2339 3725 a
2362 3673 2564 3725 Karolo
2581 3670 2668 3722 ¹¹⁴.

997 3824 1171 3909 Quae
1192 3820 1368 3892 dum
1387 3822 1488 3892 sic
1509 3845 1660 3892 sese
1684 3820 2054 3909 haberent,
2078 3818 2423 3891 Adalbero
2440 3844 2481 3891 a
2504 3843 2667 3915 rege
2694 3816 3037 3914 digressus

901 3951 1008 4008 est
1027 3991 1048 4028 ,
1095 3935 1577 4035 Karolumque
1632 3952 1882 4036 petens
1901 3992 1920 4027 ,
1990 3936 2314 4009 Lauduni
2377 3936 2599 4007 multa
2655 3934 3037 4007 ambitione

902 4072 1236 4155 exceptus
1277 4071 1410 4129 est.
1462 4056 1566 4127 Ad
1606 4082 1681 4129 se
1728 4059 1838 4129 sui
1895 4058 2229 4149 redeunt,
2296 4058 2421 4156 qui
2481 4072 2643 4129 ante
2706 4056 2797 4128 ab
2864 4054 3037 4127 urbe

975 4235 1004 4267 ¹*
1041 4234 1236 4305 Regem
1254 4273 1270 4299 ,
1305 4234 1375 4298 it,
1401 4234 1466 4299 b,
1499 4251 1596 4298 eo,
1635 4246 1782 4285 turus
1808 4232 2012 4285 abscisa·

975 4317 1036 4351 *⁵
1071 4318 1181 4389 ptio
1204 4358 1220 4382 ‚
1251 4316 1452 4370 Karolo
1477 4316 1685 4369 abscisa.
