3459 5375
911 561 994 625 48
1630 561 1965 624 RICHERI
2010 562 2155 625 LIB.
2203 564 2319 625 111.

1231 1212 1427 1266 xmv.
1446 1239 1520 1254 —-
1545 1210 1706 1278 Quod
1737 1212 1861 1263 Atto
1877 1211 1909 1247 ³¹*
1928 1210 2116 1263 Roma
2143 1208 2424 1263 moratus*
2448 1206 2667 1263 decessit
2682 1209 2733 1260 ⁴⁸.

1009 1380 1152 1445 Nec
1186 1373 1390 1446 latuit
1430 1346 1715 1475 pa'pam:
1748 1370 2215 1445 adolescentis
2266 1368 2613 1451 industria
2627 1424 2646 1461 ,
2702 1368 3053 1468 simulque

911 1504 984 1562 et
1033 1490 1355 1563 discendi
1404 1489 1759 1561 voluntas.
1831 1494 1918 1561 Et
1967 1491 2134 1588 quia
2174 1489 2445 1560 musica
2496 1504 2567 1562 et
2618 1479 3055 1563 astronomia

910 1600 1002 1677 in¹
1029 1604 1226 1679 ltalia
1251 1621 1422 1677 tunc
1469 1607 1755 1703 penitus
1802 1603 2341 1702 ignorabtmtur,
2384 1596 2555 1676 mox
2593 1630 2778 1704 papa
2804 1609 3055 1679 Ottoni

909 1724 1058 1819 regi
1100 1724 1495 1824 Germaniae'
1533 1737 1604 1793 et
1653 1720 1867 1811 ltaliae
1914 1747 2041 1819 per
2086 1722 2398 1819 legatum
2456 1722 2803 1811 indicavit·
2818 1775 2837 1812 ,
2888 1722 3057 1795 illuc

909 1837 1326 1936 hujusmodi
1361 1837 1728 1910 adVenisse
1773 1837 2139 1935 juvenem,
2183 1840 2309 1937 qui
2357 1838 2735 1910 mathesim
2783 1840 3055 1938 optime

909 1972 1184 2047 nosset,
1245 1980 1556 2053 suosque
1612 1970 1898 2027 strenue
1951 1954 2211 2028 docere
2267 1956 2555 2030 valeret.
2625 1960 2791 2028 Mox
2844 1959 3087 2029 etiam*

911 2072 1004 2144 ab
1047 2098 1211 2171 rege
1267 2098 1469 2172 papae
1521 2064 1928 2169 suggestum
1978 2084 2108 2163 estj,
2162 2088 2244 2144 ut
2296 2073 2635 2169 juvenem
2695 2073 3051 2161 retineret,

910 2189 1329 2287 nullumque
1365 2188 1815 2286 regrediendi
1852 2188 2126 2269 aditum
2150 2189 2217 2261 ei
2253 2190 2401 2262 ullo
2430 2187 2652 2261 modo
2679 2188 3047 2288 praeberet.

910 2306 1053 2379 Sed
1079 2323 1150 2379 et
1184 2305 1351 2377 duci
1385 2320 1596 2403 atque
1645 2307 1983 2405 episcopo
2020 2307 2145 2404 qui
2190 2303 2282 2377 ab
2318 2306 2669 2404 Hispaniis
2711 2328 3059 2377 convene-

914 2439 1100 2512 rant,
1152 2448 1195 2495 a
1232 2447 1418 2522 papa
1461 2422 1981 2494 modestissime
2016 2421 2374 2512 indicitur,
2418 2446 2657 2519 regem
2694 2420 2875 2493 velle
2922 2419 3059 2492 sibi

905 2541 1246 2638 juvenem
1281 2538 1374 2611 ad
1410 2554 1690 2637 tempus
1726 2540 2055 2629 retinere,
2098 2564 2180 2611 ac
2220 2563 2369 2610 non
2405 2538 2632 2610 multo
2677 2554 2841 2636 post
2890 2559 3057 2609 eum

914 2680 1069 2730 sese
1104 2673 1272 2752 cum
1323 2655 1604 2727 honore
1625 2656 2144 2754 ‚remissurum3
2200 2656 2492 2755 insuper
2534 2656 2748 2740 etiam
2802 2654 3059 2752 gratias

913 2773 1082 2846 inde
1130 2787 1862 2872 recompensaturum.
1926 2777 2171 2871 Itaque
2223 2771 2391 2844 duci
2453 2797 2537 2843 ac
2588 2773 2927 2871 episcopo
2978 2771 3056 2843 id

913 2913 1329 2990 persuasum
1383 2905 1512 2979 est,
1541 2881 1646 2960 *ut
1679 2888 1823 2960 hoc
1866 2904 2075 2987 pacto
2114 2889 2377 2984 juvene
2416 2888 2709 2960 dimisso
2731 2943 2751 2979 ,
2810 2889 2946 2987 ipsi
2980 2889 3057 2959 in

914 3005 1286 3105 Hispanias
1345 3005 1479 3076 iter
1525 3016 2054 3102 retorquerent.⁴
2110 3005 2391 3101 juvenis
2443 3005 2655 3102 igitur
2713 3003 2907 3103 apud
2939 3028 3059 3102 pa-

913 3147 1083 3222 pam
1116 3121 1431 3211 relictuS,
1473 3121 1564 3193 ab
1601 3145 1688 3194 eo
1724 3122 1873 3219 regi
1907 3121 2190 3196 oblatus
2228 3137 2354 3194 est.
2389 3124 2529 3210 Qui
2557 3120 2649 3194 de
2688 3136 2838 3194 arte
2872 3145 3000 3193 sua
3026 3123 3043 3157 ¹

913 3238 1382 3334 interrogatus
1403 3290 1422 3327 ‚
1478 3236 1553 3308 in
1599 3237 1901 3308 mathesi
1944 3231 2020 3308 s⁰e
2069 3239 2251 3309 satis.
2281 3262 2493 3336 posse
2511 3292 2530 3327 ‚
2587 3236 2829 3334 logioee
2882 3260 3055 3308 vero

913 3355 1279 3427 scientiam
1313 3334 1390 3427 se
1425 3349 1791 3426 addiscere
1834 3354 2015 3428 velle
2062 3352 2453 3453 respondit.
2502 3353 2608 3426 Ad
2634 3378 2855 3452 quam
2888 3352 3058 3450 quia

913 3471 1285 3569 pervenire
1325 3471 1777 3563 moliebatur,
1835 3494 1985 3544 non
2024 3470 2205 3554 adeo
2257 3471 2358 3543 in'
2385 3471 2717 3543 docendo
2751 3471 2852 3543 ibi
2899 3493 3056 3541 mo-

915 3603 1108 3660 ratus
1146 3603 1275 3660 est.

985 3805 1018 3840 θ’
1051 3817 1151 3872 tto,
1177 3823 1355 3873 mora,
1379 3825 1404 3859 s
1429 3805 1635 3859 abscisa.

987 3888 1006 3920 ¹
1043 3907 1148 3940 vos
1167 3889 1302 3943 absc.
