3459 5375
839 543 919 605 24
1319 500 1324 505 ²
1571 548 1903 611 lucnmu
1945 549 2092 611 Lm.
2142 550 2260 611 111.

835 674 922 747 lis
983 692 1266 751 stantes.
1321 686 1640 769 Quarum
1693 683 2240 779 uniuscujusque
2279 681 2405 753 alae
2446 696 2745 755 extensae
2800 684 2947 757 duo

836 789 1055 865 latera
1100 794 1332 868 altaris
1387 822 1612 895 usque
1667 797 1763 870 ad
1830 796 2147 870 medium
2210 796 2654 871 obvelabant.
2718 801 2951 872 Facies

837 931 1010 981 vero
1043 932 1230 1008 agno
1265 912 1712 991 inmaculato,
1729 934 2107 985 conversas
2144 911 2626 985 intendebant.
2655 916 2751 984 ‘In
2806 936 2952 1009 quo

837 1021 1052 1095 etiam
1118 1024 1462 1097 ferculum
1531 1026 1931 1099 Salomonis
1989 1026 2245 1099 imitari
2308 1026 2700 1101 videbatur.
2768 1028 2957 1101 Fecit

836 1160 1124 1237 quoque
1157 1140 1662 1215 candelabrum
1693 1140 2133 1241 septifidum,
2174 1143 2249 1215 in
2298 1168 2446 1241 quo
2486 1166 2653 1217 cum
2684 1156 2955 1243 septem

835 1252 928 1325 ab
979 1278 1128 1329 uno
1188 1271 1552 1355 surgerent
1567 1308 1590 1349 ‚
1651 1257 1831 1331 illud
1886 1256 2275 1355 significare
2330 1257 2703 1331 videbatur
2758 1260 2955 1357 quod

835 1368 930 1440 ab
997 1394 1145 1444 uno
1206 1374 1469 1473 Spiritu
1517 1387 1792 1473 septem
1843 1375 2225 1471 gratiarum
2277 1375 2471 1448 dona
2522 1375 2949 1453 dividantur.

838 1482 983 1551 Nec
1025 1481 1262 1553 minus
1319 1498 1390 1555 et
1446 1506 1684 1555 arcam
1727 1506 1947 1582 opere
2004 1484 2309 1580 eleganti
2332 1486 2351 1521 ⁴
2418 1483 2779 1558 decoravit
2794 1539 2815 1577 ,
2882 1487 2957 1559 in

837 1618 980 1692 qua
1002 1596 1274 1693 virgam
1310 1612 1383 1669 et
1413 1620 1702 1689 manna,
1730 1596 1807 1668 id
1842 1612 1950 1669 est
1974 1595 2395 1670 sanctorum‘
2406 1598 2760 1697 reliquias,
2792 1625 2961 1699 ope·

836 1710 1001 1780 ruit.
1045 1713 1364 1781 Coronas
1411 1734 1702 1809 quoque
1751 1734 1902 1783 non
1946 1710 2243 1784 minima
2288 1712 2583 1811 inpensa
2632 1712 2961 1786 fabrefac-

837 1839 953 1894 tas
988 1824 1064 1894 in
1116 1824 1442 1897 aecclesiae
1481 1824 1698 1898 decus
1747 1824 2137 1922 suspendit.
2206 1828 2443 1913 Quam
2484 1826 2804 1899 fenestris
2856 1828 2961 1901 di-

839 1961 1074 2010 versas
1107 1940 1635 2013 continentibus
1683 1940 2012 2012 historias
2054 1940 2511 2014 dilucidatam
2529 1996 2550 2033 ‚
2604 1946 2965 2042 campanis
3060 1940 3063 1943 ’

839 2054 1309 2152 mugientibus
1343 2056 1486 2129 acsi
1520 2066 1887 2129 tonantem
1919 2054 2138 2129 dedit.

1785 2268 1992 2323 ΠΝ.

935 2400 1332 2471 Canonicos
1367 2400 1606 2490 etiam,
1645 2398 1770 2497 qui
1794 2400 1869 2469 in
1902 2396 2209 2497 propriis
2242 2398 2577 2496 hospiciis
2622 2396 2960 2495 degentes

846 2524 1123 2583 tantum
1177 2536 1304 2585 sua
1349 2512 1726 2603 curabant,
1774 2512 1936 2609 jure
1996 2512 2524 2585 communitatis
2564 2512 2805 2583 vivere
2854 2510 2964 2582 in-

845 2626 1116 2700 struxit.
1179 2627 1385 2701 Unde
1445 2643 1517 2702 et
1575 2628 1959 2702 claustrum
2010 2628 2439 2702 monasterio
2502 2626 2778 2702 addidit
2806 2681 2827 2720 ,
2888 2626 2963 2700 in

845 2768 992 2840 quo
1044 2745 1161 2817 die
1210 2761 1568 2819 morantes
1624 2744 2158 2837 cohabitarent,
2226 2769 2509 2826 necnon
2564 2760 2639 2818 et
2700 2745 2965 2818 dormi-

849 2863 1110 2933 torium
1130 2915 1151 2952 ,
1227 2859 1352 2933 ubi
1419 2875 1638 2934 noctu
1693 2863 1769 2933 in
1814 2862 2093 2935 silentio
2140 2863 2581 2959 quiescerent
2596 2915 2617 2954 ,
2668 2861 2965 2934 refecto-

847 2977 1032 3050 rium
1068 3001 1355 3075 quoque
1368 3031 1389 3068 ,
1427 2976 1553 3049 ubi
1588 2976 1680 3049 de
1717 2977 2087 3052 communi
2116 2976 2564 3050 considentes
2599 2975 2967 3050 reficeren-

853 3105 990 3164 tur.
1047 3097 1404 3191 Legesque
1442 3093 1764 3191 ascripsit
1778 3147 1799 3184 ,
1865 3106 1947 3165 ut
1985 3091 2326 3165 orationis
2363 3107 2687 3192 tempore
2727 3094 2804 3164 in
2838 3115 2968 3163 aec-

849 3207 1062 3280 clesia
1105 3207 1282 3280 nihil
1319 3208 1458 3280 nisi
1497 3208 1698 3305 signo
1736 3223 2089 3307 peterent,
2138 3223 2391 3308 praeter
2438 3207 2635 3306 quod
2672 3208 2969 3280 necessi-

851 3325 1012 3396 tatis
1054 3309 1332 3396 afferret
1379 3323 1723 3422 inpulsi03
1772 3323 2014 3396 cibum
2048 3348 2191 3396 una
2235 3322 2562 3395 taciturni
2594 3337 2963 3421 caperent;

854 3454 1018 3538 post
1048 3439 1428 3538 prandium
1444 3493 1465 3530 ‚
1503 3440 1579 3511 in
1621 3440 2002 3537 gratiarum
2046 3441 2325 3512 actione
2380 3437 2625 3511 laudes
2658 3441 2815 3510 Deo
2849 3437 2971 3511 de-

855 3572 1257 3647 cantarent3
1292 3556 1759 3656 completorio
1793 3581 1965 3628 vero
2000 3556 2278 3654 expleto
2297 3609 2316 3645 ,
2364 3554 2718 3627 silentium
2749 3578 2969 3650 usque

853 3671 1096 3744 laudes
1131 3671 1510 3743 matutinas
1543 3670 1943 3743 nullatenus
1978 3669 2345 3741 violarent.
2382 3673 2539 3740 Jam
2561 3667 2965 3763 horoscopo

857 3787 1181 3884 pulsante
1233 3788 1508 3858 excitati
1527 3841 1545 3877 ‚
1601 3786 1694 3859 ad
1737 3785 1981 3858 laudes
2040 3784 2539 3884 persolvendas
2586 3807 2736 3854 sese
2797 3805 2969 3878 prae-

859 3903 1100 3974 venire
1161 3902 1692 3975 contenderent.
1766 3907 1940 3974 Ante
2002 3901 2254 3974 horam
2301 3899 2441 3971 diei
2486 3899 2789 3996 primam
2806 3953 2825 3987 ,
2892 3898 2970 3967 li-

859 4021 1092 4092 bertas
1148 4020 1552 4118 egrediendi
1603 4045 1647 4091 a
1703 4021 2009 4092 claustro
2070 4020 2335 4092 nemini
2386 4041 2719 4088 concessa
2774 4031 2961 4105 erat,

929 4256 942 4283 ¹
984 4273 1030 4304 r.
1059 4263 1272 4322 argento
1295 4270 1522 4322 atu-oque
1547 4251 1720 4302 deleta.
