3459 5375
894 556 1019 618 2⁸6
1612 552 1948 616 mmmm
1991 554 2142 618 ΠΒ.
2193 556 2302 617 lv.

891 687 1019 762 lias
1035 703 1446 789 properent,
1470 685 1667 761 unde
1688 687 1954 761 volunt
1967 688 2274 763 edicant.
2317 684 2674 786 Alioquin,
2703 686 3020 778 redeant,

893 826 966 885 et
996 835 1125 883 sua
1158 825 1241 884 ut
1286 808 1461 883 libet
1502 824 1778 883 curent.
1817 814 2092 883 Horum
2113 835 2285 909 ergo
2327 833 2441 884 res
2477 811 2554 881 in
2595 810 3032 883 contrarium

890 928 1167 1027 relapsa
1192 942 1321 1001 est.
1366 926 1713 999 Adalbero
1759 928 1953 999 enim
1987 928 2114 1026 qui
2143 927 2408 1000 horum
2446 927 2850 999 ministrum
2879 952 3030 999 sese

890 1045 1288 1146 praebuerat
1316 1099 1337 1135 ,
1392 1069 1562 1118 cum
1608 1043 1986 1117 delationis
2021 1044 2038 1081 ⁴
2107 1044 2384 1117 nescius
2443 1068 2642 1140 reges
2695 1058 3022 1116 moneret

890 1179 974 1237 ut
1021 1160 1558 1236 occurrentibus
1600 1160 1972 1234 obveniret
1989 1214 2010 1253 ,
2073 1184 2198 1234 rex
2253 1176 2629 1233 veteranus
2675 1158 3031 1232 fraudium

891 1302 1041 1350 non
1078 1278 1386 1374 ignaruS,
1426 1275 1872 1348 Ludovicum
1905 1274 2146 1347 Karoli
2178 1273 2402 1347 filium
2439 1272 2534 1347 ab
2569 1297 2656 1346 eo
2693 1274 3025 1373 reposcit,

888 1418 1109 1493 quem
1151 1393 1227 1468 in
1275 1393 1606 1492 captione
1651 1391 1982 1465 Lauduni
2015 1407 2331 1491 captum,
2383 1392 2453 1464 ei
2483 1389 3032 1463 custodiendum

887 1511 1364 1583 commiserat.
1424 1510 1854 1609 Repoposcit
1905 1510 2122 1583 etiam
2164 1506 2482 1605 ejusdem
2517 1506 2713 1579 urbis
2761 1530 3022 1597 arcem,

888 1651 1107 1725 quam
1128 1624 1447 1699 similiter
1479 1626 1954 1699 commiserat.

1012 1869 1019 1876 ·
1059 1840 1288 1905 xcvn.
1309 1848 1711 1903 —Adnlbero’
1736 1848 1898 1903 totius
1916 1842 2123 1903 standi:
2146 1848 2180 1885 ¹*
2211 1866 2368 1902 causa
2396 1846 2798 1920 reprehenditur
2809 1850 2864 1902 ⁵.

982 2016 1147 2101 Quo
1184 2010 1453 2085 credita
1476 2010 1782 2084 reddere
1817 2011 2052 2084 reniso
2070 2064 2091 2103 ,
2133 2012 2306 2111 regii
2347 2013 2748 2111 stipatore8‚
2788 2013 3030 2085 animo

884 2130 1324 2228 indignante,
1342 2126 1791 2201 subinferunt
1813 2153 1832 2199 t
1857 2158 1894 2196 α
1915 2132 2098 2201 Cum
2118 2143 2224 2222 tu,
2247 2153 2294 2201 o
2320 2130 2678 2229 episcope,
2697 2130 2770 2201 in
2792 2132 3028 2228 perni-

888 2276 926 2315 «
956 2248 1139 2320 ciem
1174 2271 1424 2344 regum
1463 2258 1537 2318 et
1577 2244 2010 2344 principum,
2058 2246 2254 2345 apud
2301 2248 2642 2319 Ottonem
2683 2271 2926 2344 regem
2959 2263 3029 2320 et

888 2387 929 2428 «
958 2358 1292 2432 Odonem
1340 2358 1701 2430 tirannum
1741 2356 2047 2457 plurima
2079 2358 2462 2456 quaesieriS,
2504 2357 2878 2458 quomodo
2910 2358 3029 2433 hic

888 2502 928 2545 e<
954 2490 1121 2549 ante
1170 2475 1502 2547 dominos
1542 2488 1702 2545 tuos
1755 2499 1954 2572 reges
2008 2489 2156 2546 tam
2209 2474 2580 2573 magnifica
2621 2474 3026 2575 confingere

886 2620 923 2660 α
955 2615 1105 2664 non
1132 2589 1440 2663 vereris?
1475 2588 1666 2679 Quid
1689 2590 2133 2663 Ludovicum
2170 2606 2241 2664 et
2265 2617 2505 2664 arcem
2539 2591 2840 2665 reddere
2879 2618 3026 2666 me-

881 2738 921 2778 «
946 2709 1113 2801 tuis,
1161 2708 1222 2810 si
1262 2705 1482 2779 fidem
1526 2706 1811 2805 regibus
1843 2723 1913 2781 te
1933 2733 2243 2781 servasse
2279 2734 2428 2782 non
2465 2707 2788 2782 dubitas?
2835 2709 3024 2798 Quid

879 2856 918 2897 α
946 2852 1114 2926 ergo
1146 2841 1251 2900 est
1287 2825 1554 2898 credita
1589 2824 1783 2898 nolle
1829 2825 2156 2917 reddere,
2197 2828 2332 2900 nisi
2374 2843 2622 2901 contra
2669 2851 2868 2924 reges
2909 2828 3022 2900 in-

875 2972 915 3014 «
942 2945 1167 3017 fausta
1214 2942 1493 3016 moliri?
1542 2942 2082 3017 Evidentissime
2139 2939 2358 3018 fidem
2407 2943 2748 3044 abrupisti
2773 2999 2793 3034 ,
2855 2968 3020 3017 cum

873 3089 912 3130 «
940 3060 1137 3159 apud
1170 3064 1515 3133 Ottonem
1541 3058 1635 3132 de
1661 3085 1912 3158 regum
1936 3061 2226 3134 interitu
2259 3063 2598 3152 tractasti,
2626 3087 3019 3161 eorumque

870 3207 909 3248 «
937 3177 1295 3250 honorem
1322 3175 1666 3249 subruere
1694 3178 2080 3277 temptasti.
2134 3175 2342 3252 Unde
2379 3193 2450 3250 et
2491 3179 2779 3278 perjurii
2821 3195 3016 3254 reatu

863 3324 899 3364 «
930 3294 1290 3368 detineris.
1321 3293 1786 3392 Legationem
1808 3294 2050 3386 etiam,
2081 3307 2448 3392 tamquam
2463 3293 2557 3366 ab
2579 3297 2677 3368 eis
2701 3295 3008 3390 missam,

864 3439 903 3479 «
932 3410 1183 3482 Ottoni
1208 3409 1357 3506 regi
1388 3408 1776 3506 pertulisti,
1811 3432 1896 3480 ac
1929 3409 2126 3507 apud
2160 3434 2326 3481 eum
2359 3409 2606 3482 dolose
2641 3410 3007 3502 ordinasti,

859 3555 899 3596 «
926 3527 1194 3625 ut..ipse
1224 3549 1389 3599 cum
1425 3525 1670 3625 paucis
1698 3525 1725 3564 ²
1769 3525 2158 3618 adveniret,
2191 3543 2262 3600 et
2293 3526 2598 3600 militum
2627 3528 3011 3602 multitudi-

859 3675 897 3714 «
924 3670 1095 3717 nem
1146 3667 1295 3716 non
1336 3642 1549 3740 longe
1588 3641 1990 3741 expeditam
2025 3642 2340 3718 haberet.
2383 3643 2685 3742 Regibus
2722 3669 3006 3743 quoque

858 3791 897 3829 «
924 3761 1190 3834 nostris
1222 3759 1632 3832 adversario
1668 3785 1837 3832 cum
1870 3761 2114 3859 paucis
2150 3785 2523 3834 occurrere
2555 3753 2855 3851 suasisti,
2893 3778 3005 3836 at·-

855 3906 893 3946 «
926 3884 1069 3975 que'
1142 3875 1333 3948 nihil
1392 3875 1565 3948 mali
1618 3902 1703 3950 ex
1765 3877 1908 3950 hoc
1955 3893 2471 3978 proventurum
2531 3879 2995 3979 spopondisti.

924 4127 955 4162 *
994 4126 1265 4182 Adalbero
1286 4167 1302 4194 ,
1332 4125 1531 4182 fraudis
1548 4167 1567 4194 ,
1590 4127 1780 4200 repreh
1801 4129 2009 4183 abscisa.

930 4213 947 4244 ¹
985 4211 1310 4284 proditionis
1337 4215 1391 4265 ¹.

916 4297 942 4328 ²
976 4313 1035 4366 p.
1064 4294 1134 4348 ad
1164 4297 1339 4349 locum
1362 4295 1517 4365 quod
1538 4296 1836 4354 mosomum
1855 4300 2150 4371 appellatur
2170 4299 2352 4354 debeo.
