3459 5375
800 518 915 579 142
1518 514 1849 573 RICHERI
1899 512 2049 572 LIB.
2101 512 2208 571 IV.

866 716 943 767 ΙΙ.
962 744 1035 757 —-
1050 715 1235 768 Oratio
1250 714 1281 751 θ’
1308 713 1569 767 Ludoviei
1592 714 1623 749 ⁴⁸*
1648 713 1794 786 apud
1834 713 2022 767 ducem
2041 754 2056 776 ‚
2085 714 2424 784 ceterosqu&¹¹
2453 712 2729 784 primaten,
2765 712 2819 763 in
2843 712 2882 745 Ψ

1378 866 1384 873 .
1404 804 1796 860 Adalberonem
1822 805 2288 877 metropolitanum
2301 804 2353 855 *-

898 952 1105 1051 Apud
1138 976 1357 1050 quem
1424 934 1758 1049 aliosque
1793 974 2014 1049 quam
2063 974 2336 1047 paucos
2351 1004 2371 1041 ‚
2428 949 2946 1049 praeteritorum

799 1094 950 1142 non
977 1062 1358 1157 inmemor,
1401 1070 1503 1141 sic
1531 1082 1966 1166 conquestus
1988 1081 2094 1139 est
2115 1086 2192 1139 τι(
2219 1070 2426 1139 Pater
2451 1090 2653 1140 meus
2679 1066 2754 1137 in
2779 1065 2951 1163 egri-

806 1214 843 1253 «
876 1184 1204 1258 tudinem
1247 1208 1392 1282 qua
1437 1198 1511 1255 et
1559 1170 1771 1281 periit
1820 1180 2159 1255 decidens
2179 1236 2198 1273 ,
2254 1182 2432 1254 mihi
2468 1182 2802 1281 praecepit
2819 1235 2840 1273 ,
2873 1196 2954 1253 ut

808 1330 843 1370 «
880 1316 1115 1374 vestro
1164 1300 1463 1373 consilio
1482 1354 1503 1391 ,
1552 1314 1790 1372 vestra
1836 1298 2301 1399 dispositione
2320 1351 2340 1390 ,
2381 1299 2579 1395 regni
2616 1323 2955 1396 procura·

808 1450 845 1491 «
877 1421 1151 1511 tionem
1176 1418 1557 1510 haberem3
1586 1442 1718 1489 vos
1753 1418 1970 1491 etiam
2000 1417 2162 1489 loco
2189 1415 2512 1489 affinium
2529 1468 2550 1507 ‚
2593 1416 2757 1489 loeo
2785 1416 2956 1489 ami·

811 1566 850 1607 «
880 1561 1137 1609 eorum
1184 1538 1201 1573 ⁴
1241 1536 1585 1611 ducerem
1602 1588 1623 1626 ,
1662 1534 1988 1633 nihilque
2006 1535 2343 1634 praecipui
2367 1548 2622 1631 praeter
2644 1546 2954 1605 vestram

812 1686 851 1726 «
882 1654 1255 1729 scientiam
1278 1653 1624 1727 adorirer.
1658 1654 1736 1725 Si
1759 1668 1994 1725 vestra
2027 1650 2172 1724 fide
2198 1653 2518 1752 potirer‚.
2539 1652 2692 1723 sine
2728 1649 2952 1723 dubio

811 1800 847 1839 «
880 1770 1157 1845 divitias
1178 1825 1198 1862 ‚
1256 1771 1603 1843 exercitus
1620 1822 1641 1860 ,
1686 1770 2134 1846 munimenta
2167 1771 2366 1869 regni
2386 1824 2407 1861 ,
2449 1758 2803 1843 asserebat
2839 1792 2958 1839 me

815 1917 852 1956 «
880 1886 1323 1961 habiturum.
1352 1890 1530 1976 Quae
1556 1908 1762 1959 mens
1784 1886 1862 1958 in
1889 1910 2007 1957 me
2034 1886 2345 1959 maxime
2366 1884 2554 1959 valet
2583 1884 2642 1956 ².
2679 1884 2958 1957 Placeat

812 2036 849 2075 «
886 2006 1126 2105 itaque
1155 2003 1533 2077 eonsilium
1568 2002 2024 2103 profuturum
2061 1997 2231 2076 dare
2251 2058 2270 2095 ,
2303 2030 2470 2076 cum
2498 2028 2541 2075 a
2565 2000 2769 2075 vobis
2793 2027 2958 2101 pro·

814 2150 853 2191 «
885 2123 1099 2221 posui
1137 2146 1255 2196 me
1294 2147 1445 2193 non
1472 2120 1956 2193 discessurum
1988 2120 2045 2219 3.
2098 2124 2180 2195 In
2230 2120 2432 2194 vobis
2472 2121 2668 2193 enim
2715 2146 2958 2193 meum

812 2268 849 2309 «
882 2238 1286 2335 consilium,
1326 2238 1673 2330 animum,
1706 2238 2052 2329 fortunas,
2093 2240 2264 2312 sitos
2297 2265 2456 2313 esse
2495 2237 2716 2311 volui.
2759 2238 2961 2311 Adal-

814 2384 851 2423 «
881 2353 1059 2428 bero
1088 2358 1480 2427 Remorum
1504 2354 2098 2454 metropolitanus
2125 2356 2529 2455 episeopus,
2560 2352 2785 2431 homo
2813 2379 2964 2427 om·

818 2501 856 2543 «
886 2474 1091 2545 nium
1124 2496 1310 2571 quos
1338 2487 1527 2544 terra
1546 2471 1846 2543 sustinet
1885 2471 2458 2546 sceleratissimus
2475 2526 2496 2564 ,
2545 2485 2962 2571 contempto

819 2618 864 2658 «
887 2588 1111 2692 patris
1130 2589 1277 2662 mei
1300 2588 1603 2690 imperio
1618 2640 1638 2679 ,
1666 2588 1918 2659 Ottoni
1943 2592 2382 2661 Francorum
2406 2588 2594 2663 hosti
2629 2589 2703 2660 in
2739 2590 2966 2660 omni-

818 2735 857 2775 «
888 2701 1025 2779 bus
1056 2705 1250 2780 favit.
1297 2709 1401 2777 Eo
1445 2721 1882 2808 cooperante
1926 2709 2099 2778 Otto
2150 2707 2542 2779 exereitum
2593 2704 2800 2778 nobis
2853 2707 2961 2779 in-

819 2853 857 2893 «
889 2813 1113 2896 dux‘it.
1169 2823 1339 2920 Ejus
1396 2820 1778 2895 subtilitate
1829 2823 2090 2919 Gallias
2140 2823 2616 2924 depopulatus
2667 2839 2797 2896 est.
2860 2820 2962 2894 Eo

819 2967 858 3007 «
890 2939 1157 3012 itineris
1190 2940 1411 3012 duces
1445 2953 1819 3038 praestante
1840 2994 1859 3030 ,
1888 2939 2294 3046 indempnis
2320 2943 2489 3014 cu'm
2516 2941 2822 3042 exercitu
2854 2965 2964 3013 re·

820 3082 859 3123 «
890 3054 1043 3127 diit.
1074 3043 1219 3143 Qui
1239 3045 1586 3154 ut'poenas
1600 3080 1736 3154 pro
1765 3070 1964 3128 tanto
1989 3056 2373 3128 commisso
2397 3055 2660 3148 solvat,
2683 3081 2968 3155 aequum

822 3198 859 3239 «
890 3185 966 3243 et
988 3169 1159 3242 utile
1184 3169 1469 3244 videtur
1503 3172 1527 3208 ⁴
1558 3173 1896 3270 quatinus
1920 3173 2292 3272 pestilente
2319 3199 2732 3273 compresso
2750 3226 2771 3265 ‚
2805 3197 2966 3262 me-

822 3316 860 3356 «
892 3303 1009 3360 tus
1032 3287 1407 3362 adoriendi
1439 3289 1605 3362 talia
1620 3343 1641 3382 ‚
1684 3289 2088 3389 quibusque
2112 3291 2350 3390 pravis
2373 3291 2736 3364 inferatur,
2773 3320 2812 3360 a>

1843 3473 1951 3526 111.

912 3607 1131 3703 Cujus
1155 3609 1386 3698 oratio
1413 3609 1561 3714 vim
1588 3608 1940 3682 suadendi
1967 3635 2118 3682 non
2151 3578 2428 3701 liabuit,
2467 3635 2558 3684 eo
2585 3611 2784 3709 quod
2819 3636 2974 3708 sug-

818 3721 1254 3820 gestionibus
1280 3724 1639 3798 malorum
1666 3728 1740 3797 in
1769 3751 2130 3798 summum
2166 3725 2584 3826 pontificem
2609 3725 2966 3816 efferatus,

889 3911 917 4011 Γ
956 3908 1053 3974 Or,
1080 3909 1165 3974 πὶ,
1204 3923 1317 3975 oet,
1345 3916 1431 3975 in,
1462 3930 1515 3964 m
1540 3931 1607 3996 ορ
1638 3915 1843 3982 conject.

888 4051 909 4130 ἶ
944 3992 1885 4123 fflsszffl⁰ssmafflssfflssssem
1915 4049 2246 4124 potissimum
2275 4055 2468 4125 vigebit
2490 4053 2672 4107 deleta.

889 4131 911 4148 ⁰
948 4119 1007 4174 d.
1036 4123 1148 4175 fore
1174 4122 1405 4176 deletum.
2477 4177 2482 4182 .

818 4287 877 4328 nt
890 4191 1257 4328 ‘dez‘flquum
1277 4213 1507 4265 namque
1548 4210 1603 4248 ut
1642 4213 1838 4266 pravus
1872 4200 2012 4268 justo
2043 4195 2292 4267 supplitio
2319 4195 2656 4268 dampnetur,
2702 4197 2830 4250 utile
2853 4215 2977 4248 vero
