3459 5375
933 607 1051 670 196
1643 605 1973 668 RICHERI
2016 603 2166 668 LlB.
2216 605 2325 666 lV.

931 741 1142 817 nibus
1177 742 1506 845 spondet.
1541 745 1863 814 Castrum
1895 766 2063 840 ergo
2100 765 2143 813 a
2168 765 2331 838 rege
2356 765 2774 814 concessum
2802 741 3071 842 absque

928 886 1130 934 mora
1155 861 1364 960 petit,
1401 873 1791 960 casn-enses
1832 855 1963 928 sibi
2001 859 2418 930 sacramenti
2457 859 2617 955 jure
2642 875 3063 952 annectens,

925 985 1168 1081 eisque
1193 982 1369 1053 alios
1403 980 1675 1078 aliquot
1701 1003 2012 1078 quorum
2046 977 2216 1050 fidei
2239 980 2559 1077 vigorem
2585 979 2851 1054 sciebat
2880 1005 3067 1053 asso-

923 1102 1106 1172 tians
1119 1153 1141 1186 ,
1205 1099 1396 1195 regia
1452 1097 1733 1194 negotia
1796 1094 2052 1168 exinde
2100 1094 2365 1170 utiliter
2428 1113 2769 1195 satagens.
2842 1099 3069 1195 Cujus

923 1233 1160 1290 tamen
1193 1214 1577 1287 voluntatis
1621 1213 1908 1286 effectus
1937 1212 2174 1285 nullus
2210 1214 2371 1304 fuit,
2404 1239 2494 1287 eo
2522 1215 2719 1314 quod
2756 1230 3063 1314 tempes-

921 1334 1107 1405 tiva⁴
1165 1332 1361 1403 urbis
1403 1331 1716 1431 proditio
1766 1344 2065 1420 vetaret,
2113 1346 2183 1402 et
2225 1357 2428 1404 casus
2470 1333 2815 1431 repentini
2860 1333 3068 1405 aliter

921 1449 1074 1523 fieri
1099 1466 1498 1546 arguerent.

1153 2007 1300 2062 XLI.
1317 2039 1390 2052 —
1405 2008 1662 2064 subtilis*
1685 2009 2005 2062 machinatio
2020 2008 2051 2042 ἕ
2076 2009 2130 2060 in
2154 2009 2414 2061 Kar-olum
2440 2019 2492 2060 et
2524 2009 2822 2061 Arnulfum.

1012 2181 1116 2255 Ab
1141 2183 1283 2254 hoc
1311 2198 1632 2280 tempore
1661 2180 2011 2254 Adalbero
2042 2180 2622 2253 Laudunensium
2651 2181 3055 2279 episcopm,

917 2301 1040 2398 qui
1103 2314 1266 2370 ante
1314 2324 1357 2371 a
1403 2297 1666 2370 Karolo
1744 2313 1990 2395 captus
2056 2296 2457 2390 aufugerat,
2512 2297 2711 2368 omni
2773 2297 3059 2394 ingenio

917 2415 1473 2515 oportunitatem
1509 2412 1897 2512 quaerebat,
1943 2436 2085 2510 qua
2118 2437 2323 2484 versa
2346 2413 2499 2484 vice
2526 2427 2598 2484 et
2632 2413 3059 2484 Laudunum

917 2546 1233 2631 caperet,
1275 2546 1348 2602 et
1393 2530 1737 2602 Karolum
1780 2529 2441 2628 comprehenderet.
2484 2534 2778 2628 Legatos
2820 2531 3063 2628 itaque

914 2647 1332 2747 hujusmodi
1384 2645 1649 2743 negotii
1705 2639 2259 2717 officiosissimos
2282 2699 2301 2737 ,
2347 2645 2637 2718 Amulfo
2696 2645 3008 2745 dirigens
3030 2703 3051 2741 ‚

919 2767 1297 2839 amicitiam
1316 2816 1335 2854 ,
1377 2763 1595 2835 fidem
1611 2816 1630 2854 ‚
1695 2764 2180 2862 suppetiarum
2234 2761 2543 2835 subsidia
2595 2762 2909 2835 mandat.
2976 2766 3060 2837 Ei

917 2905 1230 2980 quoque,
1273 2894 1520 2979 utpote
1555 2902 1686 2951 suo
1722 2879 2271 2977 metropolitano
2288 2931 2307 2969 ‚
2349 2904 2501 2951 sese
2536 2878 2717 2951 velle
2743 2882 3059 2952 reconci-

914 2996 1092 3068 liari.
1133 2993 1279 3067 Sibi
1314 2995 1526 3066 etiam
1551 2993 1823 3090 injuriae
1850 3018 1999 3065 esse
2034 2994 2231 3091 quod
2262 2993 2617 3091 transfuga
2642 3008 2713 3065 et
2735 2991 3059 3065 desertor

915 3112 1296 3202 diceretur,
1343 3136 1431 3183 eo
1471 3109 1671 3209 quod
1716 3108 1982 3181 Karolo
2008 3124 2173 3208 post
2206 3108 2425 3180 fidem
2456 3108 2711 3181 factam
2745 3132 2895 3181 non
2930 3106 3059 3179 ob-

914 3242 1199 3300 secutus
1235 3228 1347 3300 sit.
1383 3230 1471 3298 Et
1515 3227 1574 3298 si
1612 3251 1917 3298 vacuum
1952 3224 2083 3297 sibi
2131 3241 2311 3298 esset
2333 3280 2353 3316 ‚
2393 3250 2436 3297 a
2472 3252 2548 3299 se
2586 3224 2659 3302 id
2685 3225 3057 3297 dedecoris

911 3345 1094 3419 velle
1155 3344 1481 3442 abjicere.
1518 3345 1624 3416 Ad
1661 3344 1811 3441 ejus
1871 3343 2364 3416 celsitudinem
2423 3342 2654 3416 redire
2702 3342 2887 3415 velle
2910 3398 2930 3433 ,
2986 3358 3055 3415 et

913 3462 1155 3535 Karoli
1191 3462 1568 3534 amicitiam
1605 3475 1854 3561 utpote
1896 3460 2174 3533 domini
2220 3484 2372 3531 sese
2407 3474 2679 3559 optare.
2738 3458 2947 3532 Unde
2982 3476 3052 3533 et

913 3578 1048 3652 sibi
1074 3605 1529 3678 quocumque
1560 3577 1841 3651 libitum
1879 3579 2063 3650 foret
2098 3576 2622 3649 occurrendum
2649 3576 3042 3649 mandaret.

914 3697 1240 3769 Arnulfus
1295 3695 1692 3769 simulatam
1737 3693 1955 3767 fidem
2004 3694 2323 3766 nesciens
2348 3748 2369 3781 ‚
2422 3694 2687 3793 legatos
2734 3693 3053 3767 fallentes

911 3815 1204 3913 excipit3
1251 3830 1322 3885 et
1360 3827 1610 3911 utpote
1647 3811 1822 3883 boni
1867 3810 2161 3909 alicujus
2206 3812 2498 3883 nuntios
2542 3811 3049 3885 humanissime

905 3931 1240 4003 honorat.
1282 3934 1415 4003 Per
1447 3929 1584 4000 hos
1626 3930 1864 4026 itaque
1899 3928 2141 4001 locum
2180 3954 2327 4027 quo
2374 3930 2737 4001 occursuri
2790 3944 2862 4001 et
2918 3928 3047 4001 sibi

910 4048 1327 4121 collocuturi
1367 4048 1637 4138 forent,
1686 4046 2112 4120 letabundus
2157 4046 2500 4144 designat.
2558 4046 2663 4117 lui
2715 4072 2791 4117 se
2846 4045 3047 4118 dece-

975 4270 1004 4335 ?
1042 4270 1150 4323 Sub
1171 4308 1189 4335 ,
1213 4286 1300 4323 ma
1321 4268 1528 4321 abscisa.

979 4356 994 4385 ⁸
1028 4354 1387 4424 intempestiva
1416 4372 1541 4405 corr.
1571 4352 1893 4422 tempestiva.
