3459 5375
899 531 1021 592 236
1624 530 1961 592 RICHERI
2006 531 2159 592 LIB.
2209 531 2320 591 lv.

1027 705 2527 780 ·LXI.—Arnulfiis’libellum*exparteprobat¹,
2568 719 2623 762 et
2658 727 2723 762 ex
2762 721 2911 781 parte

1813 797 2139 870 vimperat*.

992 943 1158 1028 Quo
1209 940 1500 1011 recitato
1517 993 1536 1030 ,
1587 964 1630 1011 a
1665 939 1925 1012 sinodo
1974 940 2436 1037 investigatur
2470 963 2564 1012 an
2608 938 2907 1037 alicujus
2943 965 3053 1014 re-

890 1060 1386 1161 prehensionis
1408 1077 1530 1134 aut
1558 1061 1991 1135 defensionis
2014 1063 2161 1135 vim
2181 1061 2447 1136 habere
2476 1062 2828 1136 videatur.
2852 1067 3051 1136 Tunc

893 1176 1312 1249 venerabilis
1341 1177 1718 1278 episcopus
1744 1179 2099 1272 Amulfus,
2138 1204 2228 1252 eo
2255 1179 2456 1276 quod
2482 1178 2803 1252 officium
2828 1178 3049 1253 inter-

891 1293 1222 1390 pretandi
1247 1295 1314 1366 ei
1342 1297 1807 1369 commissum
1833 1312 2004 1370 erat.
2053 1327 2089 1365 ιι
2114 1301 2203 1368 Et
2230 1321 2367 1396 pro
2394 1321 2497 1386 se,
2537 1325 2573 1364 »
2602 1297 2857 1394 inquit,
2892 1327 2933 1366 ιι
2962 1322 3047 1370 ex

897 1438 934 1477 ιι
975 1423 1176 1509 parte
1202 1410 1694 1485 defensionem
1729 1414 2086 1505 continet,
2134 1429 2206 1485 et
2232 1413 2417 1486 vires
2460 1437 2549 1484 ex
2582 1427 2784 1512 parte
2811 1437 3049 1511 repre-

897 1557 934 1594 ιι
976 1527 1405 1601 hensoribus
1455 1529 1977 1602 accommodat.
2029 1534 2259 1602 Causa
2302 1553 2617 1626 namque
2653 1543 2735 1601 ut
2782 1527 3049 1601 scribe—

895 1673 931 1710 ιι
975 1659 1195 1734 retur,
1235 1644 1386 1742 ejus
1425 1659 1675 1717 auctor
1698 1646 2033 1718 Arnulfus
2072 1647 2225 1738 fuit,
2266 1648 2390 1744 qui
2425 1671 2593 1718 cum
2616 1645 3045 1718 detestandae

895 1789 932 1828 «
977 1760 1380 1859 cupiditatis
1413 1761 1672 1834 morbo
1717 1763 2025 1835 nimium
2063 1762 2422 1835 laboraret
2444 1816 2463 1852 ‚
2523 1763 2664 1859 egit
2698 1760 2901 1859 quod
2932 1787 3043 1834 re-

894 1905 928 1944 «
974 1875 1324 1975 prehendi
1372 1892 1611 1977 potest
1635 1933 1654 1970 ,
1717 1904 1888 1952 cum
1933 1880 2210 1976 juratus
2263 1878 2485 1951 fidem
2524 1903 2676 1951 non
2712 1879 3037 1950 servavit.

894 2025 929 2063 «
973 2000 1128 2070 Hoc
1143 1997 1340 2068 enim
1356 1995 1890 2095 reprehensioni
1917 1997 2338 2070 succumbit.
2366 2001 2455 2070 Et
2476 1996 2677 2096 quod
2698 1997 3049 2097 sapientes

893 2143 929 2181 «
973 2127 1046 2185 et
1077 2112 1256 2184 boni
1292 2113 1366 2184 id
1395 2113 1820 2204 effecerunt,
1855 2113 2058 2211 quod
2094 2113 2279 2186 dolis
2318 2128 2390 2185 et
2422 2113 2691 2184 astutiae
2722 2111 3047 2209 perditis·

893 2260 930 2297 «
973 2231 1134 2302 simi
1160 2229 1475 2302 hominis
1513 2230 1901 2303 contrairet
1918 2284 1939 2323 ,
1981 2245 2235 2303 contra
2268 2229 2607 2328 querulos
2645 2227 3042 2302 defensioni

892 2377 927 2415 «
971 2346 1380 2420 firmitatem
1428 2347 1745 2440 affectat,
1786 2349 2113 2446 viresque
2154 2349 2547 2438 ministrat3
2588 2361 2662 2420 et
2698 2345 3041 2444 quicquid

893 2494 928 2532 ιι
973 2461 1150 2534 illud
1189 2465 1278 2535 sit
1303 2518 1324 2554 ‚
1389 2465 1799 2536 testimonio
1839 2478 2081 2536 tamen
2131 2463 2626 2535 roborandum
2668 2475 2796 2534 est.
2870 2465 3035 2532 Pro·

891 2604 926 2642 «
970 2573 1178 2646 cedat
1211 2571 1598 2671 Adalgerus
1635 2574 2017 2674 presbiter;
2060 2574 2262 2647 adest
2299 2598 2615 2671 namque
2646 2573 2775 2670 qui
2801 2596 3037 2645 remm

891 2723 926 2761 «
967 2694 1224 2766 seriem
1265 2692 1690 2793 proditionis
1738 2695 2072 2766 conscius
2126 2694 2397 2794 optime
2454 2693 2680 2765 novit.
2748 2690 2875 2763 llle
2921 2692 3037 2762 in-

888 2842 925 2879 «
965 2834 1188 2909 quam
1229 2810 1414 2882 adsit
1431 2864 1451 2903 ,
1509 2824 1582 2883 et
1627 2826 1877 2883 vestrae
1916 2810 2318 2884 claritudini
2363 2808 2765 2882 inauditum
2808 2807 3034 2880 scelus

888 2960 925 2997 ιι
967 2928 1222 3019 edicat,
1263 2942 1344 3001 ut
1375 2943 1449 3000 et
1481 2927 1606 3001 ubi
1643 2929 1737 3001 sit
1758 2930 2183 3029 vituperatio
2206 2927 2539 3001 habenda
2560 2928 3029 3027 cognoscatis,

889 3077 925 3115 ιι
971 3062 1043 3119 et
1069 3044 1372 3122 ubilans
1397 3046 1864 3119 concedenda
1898 3046 2221 3121 videatis,
2260 3074 2298 3114 »

1161 3250 1338 3305 an.
1361 3282 1436 3295 --
1460 3252 1791 3307 Admovetm·
1807 3252 1874 3289 ⁸*
1901 3252 2189 3325 Adnlgerus
2202 3252 2267 3289 ¹⁸*
2290 3251 2612 3306 accusationi
2632 3249 2717 3301 *ἦ

982 3410 1366 3511 Adalgerus
1406 3414 1646 3510 itaque
1681 3414 2062 3486 accersitus
2101 3412 2329 3485 adest.
2371 3414 2600 3509 Super
2636 3408 2773 3480 hac
2822 3430 2901 3478 re
2928 3406 3032 3477 in-

882 3544 1275 3627 terrogatus
1310 3546 1382 3603 et
1415 3530 1518 3603 nil
1541 3546 1859 3603 moratus
1892 3529 2278 3631 respondet
2308 3557 2326 3601 ε
2369 3559 2406 3597 ιι
2439 3529 2757 3617 Utinam,
2800 3538 3031 3624 patres

886 3674 922 3713 ιι
963 3647 1188 3718 sancti
1207 3698 1228 3737 ‚
1267 3646 1344 3718 in
1381 3646 1520 3719 hac
1548 3648 1930 3719 vocatione
1963 3645 2401 3719 concedatur
2436 3642 2617 3715 mihi
2656 3642 2895 3738 aliqua
2928 3662 3033 3711 re·

884 3790 920 3831 ιι
961 3763 1313 3865 missionis
1341 3761 1806 3861 indulgentia.
1849 3762 1993 3835 Sed
2038 3764 2207 3861 quia
2251 3760 2347 3833 ad
2386 3761 2461 3833 id
2494 3758 2755 3832 deveni
2780 3809 2802 3849 ‚
2852 3770 2934 3827 ut
2974 3754 3031 3827 si

887 3910 921 3947 ιι
964 3878 1140 3976 quid
1166 3879 1366 3976 quod
1390 3905 1524 3978 pro
1552 3905 1668 3953 me
1694 3879 1905 3953 faciat
1929 3879 2231 3952 inveniri
2258 3877 2508 3979 possit,
2542 3876 2617 3948 id
2644 3888 2895 3947 contra
2916 3894 3030 3941 me

885 4024 920 4063 ιι
964 4010 1148 4067 stare
1175 3995 1523 4085 videatur,
1557 3996 1793 4067 verbis
1827 3994 2277 4069 brevioribus
2303 3993 2506 4093 quod
2542 3990 2852 4091 quaeritis
2884 3984 3029 4059 edi·

951 4208 982 4243 ⁴⁸
1017 4210 1216 4263 bellum
1235 4248 1253 4277 ,
1281 4210 1502 4282 probat,
1527 4208 1643 4263 vitu
1665 4210 1857 4263 abscisa
1890 4210 1991 4283 (sic
2012 4206 2206 4281 Per-ez).

953 4294 1016 4331 ⁸*
1051 4308 1256 4362 ovetur,
1281 4314 1373 4349 rus
1393 4335 1408 4362 ,
1433 4313 1500 4350 ac
1516 4334 1532 4362 ,
1557 4294 1617 4350 ni
1636 4335 1654 4364 ‚
1681 4296 1737 4349 io
1762 4295 1953 4349 abscisa
1982 4293 2085 4368 (sic
2108 4292 2306 4365 Peren).
